1793 3110
798 183 1092 224 —35-

199 304 313 345 inter
343 301 591 355 appendicis
623 300 813 343 carmina
852 304 1056 353 quattuor
1092 301 1293 353 disticha,
1333 313 1442 355 quae
1479 302 1608 346 etiam
1643 303 1688 346 in

200 362 448 405 collectione
481 360 759 413 Theognidea
791 363 982 411 exstant3
1016 363 1114 402 sunt
1145 373 1248 403 vero
1273 361 1379 404 haec
1405 364 1450 403 et
1473 361 1542 404 his
1566 361 1688 405 locis:

199 435 266 464 vv.
302 421 432 462 1151.
467 420 492 460 2
531 423 629 471 post
663 419 795 470 1238,
830 419 955 469 1101,
989 420 1014 459 2
1052 424 1150 471 post
1190 416 1321 471 1278,
1355 420 1458 471 949,
1491 420 1548 463 50
1584 420 1688 463 item

198 486 295 533 post
330 479 454 528 1278,
490 479 616 529 1107,
649 476 674 519 8
705 481 805 531 post
839 477 966 519 1318.
1029 477 1141 520 Sane
1173 479 1319 521 eadem
1356 491 1428 521 res
1465 479 1510 521 in
1546 479 1690 533 priore

197 539 305 581 libro
342 537 563 580 invenitur
601 540 645 578 et
681 536 727 578 in
764 549 812 579 eo
851 537 982 579 multo
1015 537 1194 590 saepius
1258 537 1342 580 Sed
1372 537 1426 580 H.
1460 537 1690 582 Schneide-

199 598 299 639 wini
332 600 537 639 accurata
568 595 874 638 dissertatione
906 596 958 637 de
988 596 1070 638 1166
1101 609 1150 638 re
1179 596 1400 648 instituta,
1431 597 1586 640 deinde
1616 598 1689 640 ad-

198 655 489 699 notationibus
520 667 606 697 van
637 655 714 696 der
744 654 878 708 Meyi,
910 654 1085 705 Hilleri,
1123 655 1303 697 aliorum
1340 655 1555 714 hominum
1593 657 1689 699 doc-

196 726 334 757 torum
373 726 485 756 nunc
522 713 689 766 quidem
729 713 920 756 dubitari
956 726 1042 756 non
1078 719 1239 767 potest,
1277 714 1378 766 quin
1409 715 1690 768 repetitiones

198 774 494 823 distichorum,
534 785 641 825 quae
681 777 857 815 exstant
895 772 939 814 in
976 773 1085 815 libro
1125 772 1268 826 priore
1307 774 1688 827 Theognideorum,

196 834 257 875 ita
301 836 480 875 exortae
524 832 628 883 sint,
678 835 727 874 ut
771 844 865 882 eae,
916 844 1023 884 quas
1066 844 1177 874 nunc
1221 833 1436 883 habemuS‚
1479 833 1689 885 reliquiae

197 891 511 945 Theognideae,
542 891 813 944 conscriptae
845 890 941 933 olim
975 890 1063 933 sint
1093 903 1146 933 ex
1179 891 1484 944 compluribus,
1523 892 1688 935 duabus

195 954 311 993 certe
357 949 553 1003 syllogis,
599 949 751 1001 quibus
796 949 944 992 eadem
989 962 1186 1004 magnam
1231 954 1398 1004 partem
1440 949 1685 1005 fragmenta

196 1010 542 1060 continebantur,
581 1021 759 1061 quorum
796 1009 932 1051 multa
963 1010 1017 1051 ab
1050 1021 1116 1061 60,
1155 1009 1226 1061 qui
1259 1009 1450 1063 syllogas
1480 1009 1526 1052 in
1557 1022 1684 1052 unum

195 1068 523 1122 conglutinavit,
548 1067 614 1110 bis
640 1067 804 1121 scripta
829 1072 941 1110 sunt.
992 1068 1045 1110 H.
1067 1067 1378 1110 Schneidewin.
1406 1067 1457 1123 (c.
1477 1069 1503 1110 l.
1529 1081 1598 1122 pg.
1613 1069 1687 1123 37)

195 1128 323 1169 etiam
363 1127 549 1169 disticha
584 1127 627 1169 16
666 1127 900 1180 appendice
938 1127 990 1169 de
1028 1126 1170 1180 priore
1206 1127 1314 1169 libro
1358 1127 1546 1180 repetita
1589 1140 1686 1170 con-

194 1186 348 1240 gessit,
385 1186 535 1228 attulit
573 1198 621 1228 eo
658 1187 748 1228 1060
781 1190 955 1239 praeter
987 1191 1192 1238 quattuor
1222 1186 1298 1228 illa
1335 1186 1539 1237 disticha,
1577 1199 1687 1239 quae
1719 1236 1723 1238 v

140 1266 147 1273 ·
195 1252 237 1288 et
270 1258 349 1298 ego
381 1258 512 1298 supra
545 1244 881 1295 commemoravi,
915 1245 996 1287 duo
1028 1245 1127 1296 alia,
1158 1258 1226 1288 vv.
1262 1245 1387 1296 1243,
1418 1246 1447 1286 4
1484 1250 1529 1287 et
1561 1245 1687 1297 1353,

195 1306 232 1354 4,
267 1317 371 1356 quas
404 1316 498 1346 esse
529 1304 809 1357 repetitiones
841 1304 923 1346 etsi
954 1303 1202 1350 immutatas
1232 1317 1433 1347 versuum
1459 1304 1557 1355 597,
1585 1304 1610 1346 8
1643 1309 1688 1346 et

194 1364 296 1413 301,
330 1364 354 1404 2
389 1363 613 1417 J'udicavit.
677 1363 800 1417 Quod
843 1376 928 1404 non
972 1367 1092 1405 recte
1138 1376 1233 1405 eum
1276 1362 1432 1406 fecisse
1475 1363 1685 1405 existimo.

194 1422 355 1464 Debuit
387 1421 509 1473 enim,
542 1435 634 1464 cum
662 1436 712 1464 ea
738 1422 971 1473 attulisset,
1003 1422 1130 1464 etiam
1159 1422 1377 1476 complura
1403 1422 1490 1464 alia
1515 1422 1685 1465 addere.

195 1482 340 1533 Neque
386 1480 737 1523 Schneidewinus
782 1494 936 1523 causas
985 1481 1152 1531 attulit,
1204 1481 1355 1533 quibus
1404 1481 1686 1534 repetitiones

193 1541 290 1583 illas
333 1540 448 1582 inter
491 1540 740 1592 appendicis
784 1540 973 1582 carmina
1016 1540 1242 1593 irrepsisse
1280 1541 1516 1593 putandum
1553 1543 1685 1593 esset3

194 1599 431 1642 arbitratus
468 1599 655 1641 fortasse
694 1602 761 1641 est
798 1612 971 1641 causam
1010 1612 1154 1642 earum
1195 1599 1373 1641 eandem
1419 1611 1511 1642 esse
1555 1603 1686 1651 atque

194 1659 236 1700 in
282 1658 391 1700 libro
437 1658 595 1710 priore,
640 1659 751 1710 quod
796 1671 844 1700 eo
889 1657 992 1700 mihi
1034 1658 1294 1701 indicavisse
1338 1657 1529 1709 videtur,
1573 1658 1686 1710 quod

193 1717 377 1759 disticha
410 1717 454 1758 in
486 1717 720 1770 appendice
751 1717 939 1770 repetita
970 1718 1114 1759 eodem
1148 1718 1268 1759 modo
1301 1716 1519 1771 congessit
1554 1721 1686 1769 atque

194 1776 402 1829 repetitos
441 1789 609 1827 versus,
654 1776 726 1828 qui
770 1776 813 1818 in
857 1776 1108 1818 collectione
1146 1776 1425 1830 Theognidea
1467 1776 1683 1830 leguntur.

193 1835 340 1886 Neque
383 1834 518 1887 primo
563 1836 715 1877 obtutu
759 1835 953 1887 quicqam
1003 1836 1177 1877 obstare
1220 1835 1410 1885 Videtur,
1461 1835 1683 1886 quominus

194 1894 297 1935 illud
329 1894 391 1936 ita
422 1893 586 1935 factum
618 1906 710 1936 esse
743 1894 992 1947 cogitemus.
1054 1893 1138 1936 Sed
1169 1898 1313 1936 tamen
1350 1893 1478 1936 aliter
1517 1907 1605 1936 rem
1638 1906 1684 1936 se

192 1953 348 1995 habere
381 1965 433 1994 ex
466 1952 545 2003 eis,
578 1965 685 2004 quae
719 1953 930 1995 allaturus
963 1965 1070 2003 sum,
1109 1952 1236 1994 facile
1273 1952 1511 2005 apparebit.
1574 1953 1683 1994 Nam

193 2011 372 2063 primum
404 2011 618 2054 distichon
656 2025 723 2055 vv.
760 2011 872 2053 1238
907 2024 932 2053 6
957 2012 1000 2062 b,
1041 2011 1153 2062 quod
1183 2011 1229 2053 in
1259 2011 1369 2053 libro
1408 2011 1682 2064 Theognideo

192 2083 259 2112 vv.
288 2070 412 2120 1151,
441 2070 465 2111 2
498 2083 575 2123 per
607 2084 652 2112 se
684 2070 854 2124 legitur,
888 2083 980 2112 cum
1007 2069 1190 2112 disticho
1216 2069 1460 2122 insequenti
1484 2069 1529 2112 in
1553 2083 1683 2113 unum

192 2142 361 2171 carmen
399 2130 667 2183 coniunctum
702 2134 778 2172 est.
840 2129 1006 2171 Deinde
1044 2129 1242 2181 quoniam
1279 2129 1399 2182 cujiis
1440 2129 1684 2182 argumenti

192 2188 279 2229 sint
310 2188 449 2230 onmia
475 2188 724 2241 appendicis
750 2188 974 2241 poematia,
1007 2187 1195 2230 carmine
1220 2187 1356 2241 primo
1381 2191 1511 2240 atque
1534 2188 1683 2230 ultimo

191 2246 466 2299 perspicitur,
511 2250 640 2299 atque
678 2252 881 2299 quattuor
917 2247 1083 2289 illorum
1124 2246 1403 2289 distichorum
1441 2246 1683 2289 sententiae

191 2305 253 2347 ita
286 2315 465 2358 possunt
498 2305 710 2360 intellegi,
756 2306 878 2358 quasi
908 2306 1155 2358 pertineant
1192 2306 1248 2347 ad
1283 2318 1372 2348 rem
1416 2305 1682 2356 amatoria-m,

192 2363 376 2406 efficitur
408 2369 524 2407 certo
558 2366 736 2416 quodam
770 2365 945 2407 consilio
979 2378 1029 2406 ea
1061 2365 1114 2407 ab
1140 2369 1316 2407 auctore
1342 2363 1606 2407 collectionis
1636 2363 1683 2406 in

191 2422 466 2475 appendicem
512 2428 687 2477 recepta
731 2437 836 2466 esse.
899 2423 1079 2466 Accedit
1116 2423 1316 2475 denique,
1359 2423 1404 2465 id
1442 2423 1555 2475 quod
1583 2436 1681 2477 gra-

189 2481 406 2524 vissimum
441 2495 534 2524 esse
564 2483 749 2534 videtur,
781 2483 892 2535 quod
915 2486 1091 2535 praeter
1117 2482 1302 2524 disticha
1327 2483 1379 2524 de
1403 2482 1547 2535 priore
1570 2481 1680 2524 libro

190 2540 377 2593 repetita
419 2540 465 2583 in
508 2542 756 2595 appendicis
805 2541 1000 2584 versibus
1049 2541 1264 2594 permulta
1306 2541 1528 2595 leguntur,
1573 2553 1681 2592 quae

192 2611 243 2640 ex
276 2599 422 2641 eadem
454 2600 529 2642 illa
560 2601 701 2653 priore
734 2600 983 2643 collectione
1015 2599 1265 2653 appendicis
1297 2603 1449 2643 auct-or
1479 2599 1525 2642 in
1555 2612 1680 2642 usum

191 2670 309 2699 suum
343 2659 569 2710 convertit,
601 2672 736 2711 eaque
768 2659 985 2713 ejusmodi,
1017 2666 1066 2701 ut
1097 2664 1172 2701 aut
1204 2671 1354 2702 versus
1393 2671 1486 2701 cum
1516 2658 1680 2712 integri

188 2722 278 2757 tum
309 2717 405 2769 plus
430 2717 624 2761 minusve
654 2716 871 2760 immutati
895 2722 971 2760 aut
997 2730 1177 2771 magnae
1202 2730 1402 2760 versuum
1429 2721 1576 2769 partes
1601 2720 1678 2759 aut
