1793 3110
793 177 1088 218 -34,

195 299 321 350 idque
353 296 522 350 saepius
554 295 634 344 ita,
668 298 715 336 ut
748 298 900 345 quarto
933 294 1040 347 pede
1072 294 1312 337 sententiae
1342 307 1446 348 pars
1477 295 1686 348 quaedam

199 357 460 400 absolvatur.
515 355 585 396 Ita
618 353 801 406 exempli
832 365 962 395 causa
988 356 1192 405 quattuor
1216 353 1364 407 primis
1390 354 1569 407 pedibus
1593 367 1687 397 sen-

196 416 335 458 tentia
367 414 568 456 universa
594 412 851 463 cont-inetur,
884 424 992 463 quae
1011 412 1165 455 deinde
1183 412 1350 465 reliqua
1369 412 1544 456 distichi
1561 416 1687 466 parte

196 474 441 517 accuratius
473 471 702 524 exponitur
738 471 807 514 vel
850 470 993 523 potius
1038 471 1092 513 ad
1137 475 1298 514 certam
1342 472 1555 524 quandam
1597 484 1689 515 rem

195 534 469 586 explicatius
481 530 783 572 illustrandum
815 529 1060 582 adhibetur3
1094 529 1145 572 cf.
1176 544 1215 574 v.
1250 531 1375 581 1245,
1409 531 1454 583 63
1489 531 1615 582 1267,
1648 531 1687 573 8.

192 591 416 658 Ejusmodi
436 589 623 632 disticha
641 589 757 631 haud
776 601 913 641 pauca
933 588 1060 631 etiam
1082 588 1126 630 in
1146 589 1396 632 collectione
1409 564 1688 644 Tlieognidea

193 650 380 693 inveniri
412 653 600 703 possunt.
663 648 728 690 Ne
759 647 804 689 111
834 647 1117 700 pentametris
1156 647 1341 700 quidem,
1378 653 1428 691 ut
1457 649 1547 703 jam
1585 648 1687 700 dixi,

194 711 238 752 in
270 709 372 751 univ
376 720 516 751 01311111
549 711 626 757 031,
658 707 703 748 111
735 719 816 758 quo
849 706 1060 749 offendere
1103 706 1325 760 possimus.
1373 707 1689 761 Kiillenberger

193 768 244 824 (c.
277 769 302 810 l.
335 781 404 822 pg.
437 767 493 807 43
509 766 615 821 squ.)
649 765 857 819 exposuit,
890 765 1095 818 quomodo
1128 765 1392 832 antiquiores
1425 766 1688 810 Graecorum

194 831 345 879 poetae
384 825 568 879 elegiaci
607 824 793 878 dactylis
832 828 876 866 et
914 824 1113 877 spondeis
1156 824 1201 867 in
1244 824 1386 879 priore
1429 825 1689 879 pentametri

192 890 316 939 parte
348 885 416 928 usi
449 887 594 926 essent
625 909 682 913 —
715 884 782 934 21,
823 883 908 938 504‘0
939 883 1063 926 binos
1095 884 1307 938 dactylos,
1347 884 1415 936 24,
1448 883 1534 940 3⁰l0
1564 883 1688 926 binos

193 946 419 997 spondeos,
459 944 526 995 24,
560 943 645 997 80⁸0
679 942 909 996 spondeum
947 942 993 984 in
1030 942 1183 996 primo,
1223 943 1440 997 dactylum
1472 943 1517 985 in
1550 943 1687 985 altero

193 1005 311 1057 pede,
344 1004 412 1053 29,
445 1002 533 1054 4⁴5„
562 1002 781 1055 dactylum
806 1001 851 1043 in
883 1001 1037 1054 primo,
1070 1002 1302 1056 spondeum
1332 1002 1378 1044 in
1409 1002 1548 1045 altero
1579 1002 1687 1056 pede

192 1064 348 1105 habent
384 1078 457 1113 —-·,
489 1060 580 1103 fere
613 1061 761 1103 eadem
795 1064 861 1102 est
891 1073 961 1102 res
993 1060 1037 1102 in
1069 1061 1407 1115 duodoctoginta
1437 1060 1688 1115 appendicis

193 1120 488 1174 pentametris,
520 1133 611 1162 cum
647 1119 934 1173 septendecim
967 1132 1110 1162 eorum
1141 1120 1186 1162 in
1218 1120 1360 1174 priore
1385 1132 1538 1164 Versus
1562 1122 1687 1173 parte

192 1180 313 1222 binos
340 1180 547 1232 dactylos,
574 1178 732 1232 viginti
758 1179 838 1221 duo
857 1178 982 1220 binos
1003 1180 1225 1232 spondeos,
1257 1179 1543 1232 septendecim
1563 1191 1686 1232 spon-

194 1241 316 1282 deum
349 1239 392 1281 in
425 1239 570 1291 primo,
604 1238 821 1292 dactylum
853 1238 898 1279 in
931 1238 1080 1289 altero,
1107 1238 1265 1292 viginti
1291 1239 1373 1280 duo
1399 1238 1616 1292 dactylum
1642 1237 1688 1280 in
1724 1235 1728 1239 ’

193 1298 340 1350 primo,
373 1297 606 1350 spondeum
637 1297 682 1338 in
714 1297 851 1338 altero
883 1297 990 1349 pede
1015 1298 1262 1350 praebeant.
1318 1297 1554 1339 Praeterea
1583 1309 1686 1340 vero

193 1357 601 1399 commemorandum
635 1359 699 1397 est
732 1355 774 1397 in
809 1355 1084 1398 commissura
1110 1356 1237 1409 primi
1262 1355 1513 1410 appendicis
1536 1359 1687 1409 penta-

194 1416 320 1459 metri
353 1415 563 1468 syllabam
596 1414 827 1468 ancipitem
853 1414 953 1469 legi,
985 1428 1108 1467 quam
1137 1415 1346 1470 syllabam
1365 1414 1411 1458 in
1429 1414 1512 1457 fine
1529 1414 1686 1468 prioris

196 1541 388 1578 (ἒθανάτων
416 1544 456 1578 δέ
481 1541 594 1582 δόσεις
621 1548 786 1576 παντοῖαι
815 1547 1000 1587 θνητοῖσιν
1035 1542 1255 1590 ἐπέρχονται.
1306 1543 1406 1578 Infi'a
1438 1553 1522 1578 vero
1548 1544 1586 1578 in
1610 1553 1688 1579 vel·-

192 1604 289 1637 sibus
315 1603 483 1648 repetitis
510 1602 583 1637 cod.
613 1602 652 1644 O,
685 1612 787 1645 quem
820 1607 962 1636 constat
995 1603 1222 1645 praestantia
1251 1603 1412 1646 proxime
1445 1602 1611 1638 accedere
1642 1602 1689 1637 ad

192 1662 347 1696 codicem
374 1663 559 1705 optimum,
587 1662 802 1704 script-uram
827 1661 953 1695 habet:
980 1657 1173 1695 ἀθανάτων
1201 1660 1237 1695 δὲ
1265 1658 1377 1700 δόσεις
1402 1665 1572 1695 παντοῖαι
1600 1664 1691 1706 θνη-

195 1725 307 1754 τοῖσιν
333 1720 531 1767 ἒπέρχεται,
558 1720 637 1763 lege
663 1720 789 1764 igitur,
817 1719 859 1755 de
885 1731 955 1763 (1110
980 1720 1081 1754 1110ᾶο
1102 1719 1268 1762 diximus,
1294 1723 1450 1762 servata,
1475 1729 1688 1764 quamquam

194 1789 233 1813 eo
260 1789 397 1822 quoque
424 1779 499 1813 loco
532 1778 642 1813 verba
674 1778 873 1822 depravata
905 1782 1001 1813 sunt.
1049 1778 1116 1814 Sed
1141 1779 1298 1814 dubitari
1325 1788 1405 1814 mea
1436 1777 1579 1822 quidem
1609 1788 1688 1813 sen-

194 1839 310 1872 tentia
337 1849 407 1873 non
433 1842 564 1882 potest,
592 1838 677 1880 quin
702 1848 743 1872 ea
769 1837 842 1871 cod.
859 1837 886 1871 O
912 1838 1066 1873 lectione
1081 1838 1278 1882 vestigium
1292 1838 1341 1872 sit
1366 1836 1578 1880 indicatum,
1605 1847 1688 1883 quo-

195 1897 295 1932 modo
327 1897 460 1931 vitium
498 1896 697 1931 tollendum
735 1898 840 1930 esset.
889 1896 1035 1931 Etenim
1072 1897 1103 1930 si
1141 1899 1322 1930 mutamus
1359 1896 1535 1939 pluralem
1575 1892 1688 1934 δόσεις

196 1960 360 1989 παντοῖαι
388 1956 426 1990 111
452 1955 670 1998 singularem
696 1964 881 1989 numerum
907 1950 1001 1993 δόσις
1027 1957 1194 1999 παντοίη,
1221 1954 1340 1989 01111110
1365 1957 1464 1990 recte
1489 1964 1527 1989 se
1552 1954 1686 1990 habent

193 2024 306 2058 neque
332 2015 515 2050 sententia
540 2014 612 2048 alia
637 2013 736 2047 facta
762 2017 830 2054 est,
857 2018 966 2057 atque
992 2018 1101 2048 antea
1125 2013 1207 2048 fuit.
1246 2013 1339 2048 Nam
1364 2013 1509 2057 propria
1531 2013 1587 2048 vis
1606 2012 1687 2048 sub-

192 2073 345 2107 stantivi
372 2070 466 2111 δόσις
491 2083 560 2107 11011
588 2078 643 2106 031
669 2072 814 2112 (101111111,
848 2072 908 2107 sed
934 2073 1028 2107 actio
1055 2072 1179 2115 dandi,
1214 2077 1251 2106 et
1283 2072 1411 2107 deinde
1443 2072 1590 2107 notione
1614 2082 1687 2107 ma-

192 2132 248 2174 gis
274 2132 439 2166 universa
466 2131 595 2171 omnia,
625 2141 714 2174 quae
740 2130 890 2175 dantur3
916 2131 969 2164 ita
996 2130 1090 2174 apud
1114 2131 1321 2174 Homerum,
1348 2131 1445 2175 apud
1469 2141 1574 2174 quem
1587 2131 1688 2174 quin-

195 2190 293 2231 quies
321 2195 459 2232 exstat,
486 2190 663 2234 singulari
690 2193 835 2224 tantum
859 2200 1005 2225 numero
1032 2189 1233 2224 adhibitum
1259 2190 1458 2235 invenitur7·
1490 2189 1688 2233 posteriore

194 2248 335 2282 demum
362 2251 483 2283 aetate
508 2250 563 2283 vis
589 2249 685 2283 vocis
712 2248 765 2282 ita
789 2248 983 2283 immutata
1009 2252 1080 2291 est,
1113 2252 1156 2283 ut
1183 2248 1260 2284 fere
1284 2249 1484 2292 promiscue
1508 2247 1689 2284 diceretur

196 2303 290 2344 δόσις
317 2312 351 2341 et
381 2307 504 2351 δῶρον.
555 2308 610 2342 Sic
637 2307 748 2342 etiam
768 2307 980 2350 Theognidi,
1006 2307 1044 2341 in
1069 2307 1169 2351 cujus
1193 2308 1355 2350 reliquiis
1381 2303 1476 2347 δόσις
1501 2307 1592 2343 alias
1616 2317 1688 2342 non

194 2365 348 2408 legitur,
374 2366 589 2400 vindicanda
615 2366 761 2401 videtur
786 2375 862 2400 esse
887 2366 1000 2400 forma
1025 2365 1221 2411 singularis
1247 2362 1342 2405 δόσις
1367 2368 1536 2411 παντοίη,
1566 2365 1622 2401 ita
1644 2363 1696 2400 ut*

195 2427 316 2458 tamen
354 2424 536 2459 sententia
574 2426 639 2459 sit:
679 2435 909 2468 quaecunque
940 2435 962 2459 a
993 2425 1067 2460 deis
1097 2424 1358 2459 immortalibus
1397 2424 1548 2468 dantur,
1583 2423 1687 2461 vario

196 2481 295 2515 modo
322 2482 379 2516 vel
404 2483 505 2517 varia
530 2483 643 2518 forma
671 2484 713 2518 ad
741 2484 900 2519 homines
925 2484 1150 2528 perveniunt.
1191 2483 1293 2518 Addo
1318 2483 1470 2527 denique
1493 2482 1532 2519 in
1555 2481 1687 2517 ultimo

196 2540 393 2584 fragmenti
419 2545 645 2584 pentametro
671 2543 786 2576 multo
814 2543 935 2587 aptius
960 2542 1096 2577 dictum
1127 2541 1242 2578 videri
1273 2552 1350 2577 esse
1376 2538 1466 2589 δῶρ’
1493 2538 1687 2576 ἀθανάτων

197 2608 302 2641 quam
328 2600 358 2632 si
383 2599 536 2643 legimus
562 2613 595 2635 v.
611 2602 680 2635 444
707 2597 900 2634 ἀθανάτων
927 2600 965 2635 δὲ
992 2597 1114 2642 δόσεις,
1141 2611 1226 2636 voce
1252 2597 1366 2640 δόσεις
1392 2600 1517 2636 eadem
1540 2600 1686 2635 notione

197 2657 357 2691 adhibita
385 2663 494 2701 atque
520 2659 647 2693 statim
674 2660 769 2705 δῶρα
794 2656 999 2703 ἀθανάτων,
1025 2670 1105 2694 011111
1130 2659 1284 2694 variatio
1312 2659 1361 2694 sit
1380 2658 1554 2705 jucunda,
1581 2657 1612 2692 si
1634 2658 1684 2694 le-

195 2715 327 2758 gimus:
357 2712 550 2750 ἀθανάτων
577 2717 615 2751 δὲ
643 2714 736 2756 δόσις
763 2721 914 2763 παντοίη
940 2723 1007 2754 etc.
