1793 3110
796 171 1088 212 *22—

204 296 257 338 ad
289 298 578 363 προσέκυρσας
611 289 660 332 cf.
692 290 792 331 Hes.
826 288 986 341 Theog.
1021 286 1123 329 198:

379 349 487 406 (ἰτάρ
520 352 778 403 Κυθερειαν,
811 343 832 388 o'
865 363 907 389 τι
938 350 1202 401 πρεσὲκυρσε
1235 344 1468 401 Κυθήροις.

320 409 486 453 Deinde
517 407 572 450 ad
603 420 671 450 VV.
706 406 832 456 1363,
864 406 908 446 4:
942 405 997 447 ad
1058 403 1298 460 δηλήσομαι
1328 417 1368 447 V.
1403 403 1507 446 793:

379 466 509 523 Μήτέ
537 481 635 508 τινα
667 468 816 514 ξείνων
848 463 1110 520 δηλεύμενος
1143 462 1324 518 ἔργμασι
1355 463 1533 518 λυγροῖς.

207 529 261 572 ad
294 526 394 570 οὗδὲ
420 540 475 579 με
507 528 671 571 πείσεις
700 537 739 567 V.
773 523 875 565 839.

380 583 544 628 τούτων
576 580 618 625 δ’
653 580 705 624 (ἰι
737 579 786 624 τὸ
817 585 950 635 μεσον
982 578 1304 636 στρωφήσομαι,
1337 577 1438 623 οὐδέ

1210 653 1266 692 με
1298 643 1464 688 πείσεις
1495 645 1575 683 etc.

206 705 260 747 ad
291 701 544 746 sententiam
578 700 677 742 inde
709 713 735 742 a
765 699 909 742 verbis
941 696 1042 740 οὐδὲ
1074 713 1130 752 με
1162 701 1327 766 πείσεις
1356 711 1397 740 V.
1432 698 1534 741 101.

378 763 544 817 Μηδείς
576 772 602 801 σ
647 756 895 828 ἀνθρώπων
927 761 1057 828 πείσῃ
1089 755 1222 798 κακὸν
1255 754 1406 811 ἄνδρα
1423 758 1613 814 φιλῆσαι.

204 826 390 864 ceterum
430 819 485 861 ad
514 819 740 861 Verboium
773 814 912 863 οὐδεὶς
945 813 1196 881 ανθρώπων
1233 814 1487 884 positionem
1519 830 1559 860 V.
1591 815 1694 859 902.

380 875 517 925 οὐδεὶς
548 875 589 919 δ
624 874 872 931 ἀνθρώπων
905 873 1033 922 αὐτὸς
1065 871 1241 917 ἅπαιτα
1275 873 1416 928 σοφός.

202 951 241 981 V.
273 937 376 980 990:

383 996 531 1051 μηδεὶς
565 991 813 1049 ἀνθρώπων
845 996 929 1050 γνῷ
961 1005 1007 1035 σε
1041 992 1353 1047 βαρυνόμενον.

204 1069 243 1100 V.
278 1055 380 1097 973:

385 1110 533 1159 Οὐδεὶς
565 1110 825 1166 ἀνθρώπων,
858 1108 907 1153 ὃν
939 1108 1076 1165 πρῶτ’
1109 1109 1183 1153 ἐπὶ
1216 1117 1314 1163 γαῖα
1347 1109 1525 1167 καλύψῃ
1557 1114 1638 1153 etc.

205 1172 256 1215 cf.
287 1186 353 1214 VV-
391 1172 484 1222 109,
517 1172 590 1213 60·
1209 1206 1296 1254 οἶδε
1329 1209 1407 1266 γὰρ
1440 1208 1579 1258 οὐδείς

385 1268 632 1327 αιθρώπων
666 1268 687 1312 ὅ
720 1287 762 1313 τι
795 1268 870 1318 νὺξ
900 1267 1066 1326 χὴμὲρη
1101 1265 1223 1325 ἆιδρὶ
1255 1271 1381 1312 τελεῖ.

206 1327 313 1373 ὥστε
347 1330 491 1372 eodem
522 1342 672 1373 versus
705 1329 797 1371 loco
828 1328 1049 1395 invenitur
1080 1341 1120 1372 V.
1155 1330 1257 1371 114.

382 1386 475 1430 (ἷλλ
509 1388 594 1431 αιεὶ
628 1387 804 1444 φεύγειν
837 1384 943 1430 ὥστε
978 1385 1110 1429 κακὸν
1142 1389 1309 1442 λιμένα.

205 1447 255 1490 cf.
287 1461 354 1491 VV.
385 1447 483 1498 413,
515 1448 558 1488 4:
1249 1484 1351 1529 οὐδέ
1378 1502 1434 1540 με
1466 1482 1580 1534 οἶνος

384 1546 534 1599 ἐξάγει,
568 1543 665 1588 ὥστ’
698 1546 841 1589 εἰπεῖν
873 1544 1015 1589 δεινὸν
1048 1545 1152 1593 ἔπος
1181 1547 1285 1601 περὶ
1317 1548 1406 1588 σοῦ.

325 1606 521 1648 Ceterum
548 1605 745 1657 Renner„
772 1618 805 1647 c.
827 1606 852 1647 1.
879 1619 948 1659 pg.
970 1605 1025 1646 36
1053 1605 1199 1647 docuit
1225 1602 1325 1647 οὐδὲ·
1346 1619 1403 1658 με
1429 1608 1594 1652 πείσεις
1620 1605 1696 1659 (ει)

205 1664 249 1707 111
280 1665 363 1706 fine
393 1664 632 1706 hexametri
663 1664 776 1717 apud
808 1665 1041 1706 Homerum
1074 1664 1208 1706 octies
1238 1663 1438 1706 inveniri.

323 1724 372 1766 V.
409 1723 551 1765 1365*
584 1722 734 1765 similis
766 1727 831 1765 est
863 1736 900 1766 V.
936 1723 1067 1765 1117:

385 1783 568 1832 Πλοῦτε,
601 1784 721 1824 θεῶν
753 1780 953 1824 κάλλιστε
986 1783 1059 1824 καὶ
1091 1782 1371 1837 ἱμεροέστατε
1399 1780 1590 1824 πάντων.

324 1841 402 1883 Vv.
444 1841 568 1890 1367,
614 1841 669 1882 68
716 1845 759 1883 et
806 1841 1038 1882 1369—72
1084 1846 1183 1883 sunt
1231 1841 1313 1883 duo
1358 1843 1544 1895 γνῶμαι,
1589 1852 1698 1893 quac

325 1947 343 1968 ’¹‘
369 1945 499 1980 Mirum
524 1945 560 1979 in
586 1946 728 1980 modum
755 1950 839 1980 ante
864 1956 996 1990 paucos
1029 1955 1140 1980 annos
1170 1945 1207 1980 in
1235 1945 1407 1989 sepulcris
1431 1945 1622 1990 Tanagrae
1646 1945 1698 1980 in-

209 2009 354 2039 ventum
381 2008 436 2039 est
460 2004 643 2038 vasculum
668 2004 790 2046 fictile,
816 2005 854 2039 in
880 2015 947 2049 quo
973 2003 1208 2048 conspicimus
1233 2003 1423 2046 hominem,
1449 2005 1551 2049 cnjus
1571 2014 1615 2040 cx
1640 2015 1698 2040 ore

210 2063 360 2098 veniunt
389 2063 514 2098 verba:
554 2056 580 2096 ὦ
606 2064 746 2097 παίδων
777 2059 949 2097 κάλλιστε.
1001 2063 1076 2106 Qua
1109 2073 1152 2098 ex
1177 2073 1214 2096 re
1245 2062 1320 2098 Ulr.
1352 2062 1491 2097 Κὸ11161·
1515 2073 1544 2098 c.
1569 2063 1593 2098 1.
1619 2073 1699 2098 con-

205 2121 295 2164 jecit
320 2121 470 2156 disticho
496 2121 701 2165 appendicis
734 2132 830 2164 eum,
862 2122 923 2165 qui
946 2122 1131 2156 vasculum
1156 2120 1336 2163 finxisset,
1369 2125 1584 2157 commotum
1609 2131 1698 2164 esse,

210 2183 252 2213 ut
277 2189 353 2214 eam
378 2189 453 2214 rem
477 2179 689 2215 illustraret.
728 2180 815 2215 Cum
840 2190 923 2215 vero
948 2180 1037 2214 illud
1062 2179 1168 2215 initio
1194 2180 1329 2215 saeculi
1353 2179 1472 2224 quinti
1498 2191 1531 2216 a.
1557 2180 1638 2216 Chr.
1663 2190 1698 2215 n.

212 2238 348 2272 factum
380 2249 455 2273 esse
485 2238 683 2281 videretur,
724 2238 833 2274 etiam
858 2250 916 2274 vv.
946 2240 1054 2282 1365,
1080 2240 1102 2273 6
1134 2249 1174 2274 60
1207 2243 1368 2282 tempore
1399 2239 1478 2284 jam
1515 2239 1699 2275 exstitisse

211 2296 314 2331 effici.
364 2296 431 2331 Sed
457 2307 499 2332 ex
526 2296 761 2332 similitudine
786 2308 819 2332 V.
847 2298 938 2332 1365
965 2302 1002 2333 et
1026 2309 1059 2331 v.
1087 2299 1178 2332 1117
1205 2298 1368 2334 concludi
1398 2307 1542 2333 necesse
1574 2301 1631 2332 est
1656 2297 1699 2332 de
1768 2320 1771 2324 -

210 2367 266 2389 vv.
295 2355 398 2397 1365,
424 2356 445 2389 6
471 2356 594 2390 eodem
618 2356 720 2390 modo
747 2367 822 2392 esse
843 2356 1076 2400 judicandum
1102 2361 1211 2400 atque
1236 2357 1279 2392 (16
1305 2356 1466 2392 omnibus
1491 2356 1700 2400 appendicis

211 2413 415 2456 poematiis,
452 2413 599 2457 ideoque
635 2415 724 2449 mihi
762 2415 849 2450 haec
887 2415 1093 2459 conjectura
1129 2415 1284 2451 hominis
1321 2414 1520 2450 doctissimi
1555 2415 1700 2450 videtur

210 2471 401 2516 rejicienda
427 2482 511 2508 esse.
562 2474 689 2508 Potest
716 2475 875 2518 exemplo
901 2474 1011 2509 fuisse
1037 2474 1167 2509 artifici
1199 2475 1290 2510 alius
1320 2477 1449 2518 poetae
1475 2473 1698 2518 antiquioris,

211 2529 410 2564 Mimnermi
446 2531 616 2574 fortasse,
655 2543 796 2567 carmen
835 2532 993 2576 aliquod,
1033 2534 1125 2577 quod
1164 2533 1275 2569 etiam
1299 2537 1496 2582 vauctorem
1531 2542 1700 2569 versuum

213 2589 415 2632 appendicis
440 2589 580 2625 novisse
606 2595 643 2625 et
667 2591 704 2625 in
731 2595 850 2626 mente
875 2591 1041 2627 habuisse
1069 2603 1110 2627 ea
1136 2603 1179 2628 ex
1203 2603 1259 2636 re,
1293 2592 1386 2636 quod
1415 2591 1551 2636 pluries
1574 2601 1699 2626 versus

213 2646 453 2689 antiquiorum
478 2652 664 2691 poetarum
689 2649 938 2694 elegiacorum,
964 2655 1005 2685 ut
1019 2651 1155 2686 Solonis
1168 2651 1381 2694 Mimnermi,
1405 2652 1444 2686 in
1467 2661 1571 2686 usum
1597 2660 1699 2685 suum

214 2706 440 2750 converterit,
467 2711 565 2741 recte
590 2707 766 2752 conjicias.
794 2729 837 2733 —
