1793 3110
779 185 1072 226 *28-

182 307 403 361 colligata,
447 304 632 347 inveniri
669 316 753 346 non
790 315 930 356 posse,
976 315 1230 355 quamquam
1267 303 1382 345 haud
1419 302 1483 345 ita
1524 303 1673 356 paucis

182 365 286 408 locis
317 367 492 418 propter
517 365 867 416 argumentorum
895 361 1215 404 similitudinem
1242 361 1434 404 carmina
1458 373 1552 405 esse
1576 375 1672 404 con-

181 427 306 478 gesta
338 435 421 465 non
453 425 596 475 potest
627 434 712 463 non
745 420 955 475 cognosci.

898 550 954 592 Π.

297 634 327 677 J
329 647 394 677 am
428 633 549 676 nobis
582 633 868 685 quaerendum
907 635 991 681 est,
1031 631 1125 684 quis
1163 631 1296 674 fuerit
1333 635 1485 675 auctor
1521 631 1671 675 carmi-

181 707 280 736 num
319 691 594 735 collectionis.
662 692 728 733 De
767 690 1017 744 Theognide
1054 691 1164 733 enim
1202 703 1288 733 non
1324 704 1449 744 posse
1486 689 1673 745 cogitari

180 752 305 794 facile
338 765 391 794 ex
423 751 585 793 duobus
617 750 758 793 causis
791 753 984 802 apparet.
1041 750 1149 792 Nam
1181 750 1362 802 primum
1394 763 1448 792 ex
1479 749 1673 792 omnibus

179 815 372 854 veterum
410 811 666 863 scriptorum
706 808 980 860 testimoniis⁷
1018 821 1128 860 quae
1165 809 1218 851 de
1251 808 1515 863 Theognidis
1552 809 1673 862 poesi

180 873 371 920 exstant,
417 882 511 911 eum
542 880 693 912 versus
738 867 969 910 amatorios
1013 880 1098 910 non
1141 867 1296 910 fecisse
1338 870 1483 920 potest
1515 866 1672 921 colligi,

179 941 286 980 quae
330 941 399 970 res
443 928 596 970 deinde
640 926 915 969 confirmatur
960 939 1008 969 eo
1053 926 1338 980 potissimum,
1383 926 1495 979 quod
1537 926 1674 980 ipsius

179 986 442 1041 Theognidis
474 998 625 1029 versus
663 985 833 1038 quidam
872 987 926 1028 ab
964 985 1213 1039 appendicis
1250 998 1452 1030 versuum
1495 989 1671 1028 auctore

177 1046 240 1088 ita
273 1045 467 1098 usurpati
500 1049 615 1094 sunt,
655 1048 703 1087 ut
741 1046 795 1087 ab
828 1045 1079 1098 Theognide
1111 1058 1183 1087 eos
1213 1057 1299 1087 non
1331 1057 1425 1087 esse
1455 1043 1673 1098 profectos

178 1104 511 1147 concludendum
544 1103 617 1155 sit3
658 1116 742 1156 qua
774 1104 826 1146 de
857 1116 903 1146 re
941 1103 1057 1146 infra
1083 1107 1284 1146 accurate
1316 1103 1439 1146 nobis
1472 1103 1556 1146 erit
1588 1102 1672 1146 dis-

178 1164 424 1217 putandum.
487 1163 606 1205 Duos
639 1175 790 1206 versus
822 1162 973 1217 (1253,
1006 1162 1051 1218 4)
1084 1162 1251 1205 Solonis
1289 1175 1384 1205 esse
1415 1163 1505 1217 Jam
1543 1175 1674 1216 supra

177 1223 411 1265 attulimus.
474 1222 583 1264 Num
617 1226 735 1264 certa
768 1222 949 1273 quadam
989 1222 1157 1264 ratione
1188 1226 1370 1274 uterque
1406 1221 1543 1273 locus,
1574 1221 1673 1263 Pla·
1732 1235 1735 1237 “

177 1281 291 1323 tonis
324 1281 680 1333 collectionisque‚
712 1280 828 1322 inter
861 1293 907 1323 se
940 1281 1209 1331 cohaereant,
1242 1279 1418 1323 difficile
1449 1283 1518 1322 est
1541 1279 1672 1322 dictu.

177 1338 346 1382 Hillerss
380 1339 546 1392 quidem
580 1339 828 1393 appendicis
861 1343 1080 1382 auctorem
1112 1339 1205 1393 ipso
1237 1339 1311 1381 illo
1342 1338 1541 1382 Platonis
1566 1339 1671 1391 loco,

178 1403 223 1440 ut
258 1398 470 1440 distichon
509 1399 553 1440 in
597 1398 889 1442 collectionem
932 1399 1146 1452 reciperet
1189 1397 1424 1450 statimque
1466 1397 1671 1449 variaret,

177 1470 270 1500 esse
302 1462 552 1499 commotum
592 1457 835 1510 suspicatus
874 1462 957 1509 est3
996 1458 1108 1510 quod
1146 1457 1314 1510 quidem
1351 1456 1446 1499 fieri
1481 1456 1672 1510 potuisse

177 1529 261 1558 non
293 1529 458 1569 negem;
504 1517 578 1559 sed
623 1517 870 1570 conjectura
913 1520 1056 1559 tamen
1088 1516 1192 1558 mihi
1234 1515 1407 1559 videtur
1446 1516 1671 1559 admodum

175 1575 360 1626 incerta3
400 1575 655 1617 crediderim
688 1575 847 1628 potius,
887 1575 1069 1618 Luciani
1100 1588 1265 1628 quoque
1302 1575 1394 1618 loco
1427 1578 1672 1626 commotus,

177 1633 248 1685 qui
287 1633 460 1676 distichi
491 1634 658 1677 Solonis
696 1635 991 1676 hexametrum
1029 1634 1074 1676 in
1105 1635 1249 1676 Amor.
1289 1647 1380 1687 cap.
1412 1634 1470 1676 48
1509 1633 1673 1685 attulit,

177 1692 445 1734 notissimum
488 1692 621 1736 fuisse
665 1693 941 1745 antiquitatis
985 1693 1250 1747 temporibus
1294 1693 1402 1736 illud
1445 1692 1671 1736 distichon.

177 1751 402 1803 Utcunque
440 1764 507 1794 res
547 1765 591 1794 se
629 1752 776 1802 habet,
821 1753 1044 1795 Platonem
1084 1765 1137 1795 ex
1175 1752 1412 1806 appendice
1456 1751 1671 1794 distichon

176 1809 343 1852 Solonis
375 1823 458 1852 non
491 1810 744 1865 cognovisse
775 1824 851 1865 pro
885 1814 1002 1854 certo
1035 1812 1193 1854 habere
1225 1823 1460 1864 possumus.
1523 1811 1671 1863 Neque

175 1881 277 1911 vero
303 1882 453 1911 versus
479 1869 730 1923 appendicis
755 1870 870 1923 apud
900 1869 1204 1924 florilegiorum
1225 1869 1458 1923 scriptores
1479 1869 1671 1922 aliosque

174 1928 395 1981 leguntur3
427 1940 509 1980 qua
541 1941 593 1970 ex
626 1942 673 1970 re
705 1941 799 1971 eam
829 1928 916 1970 illis
947 1941 1032 1971 non
1063 1928 1197 1971 fuisse
1235 1932 1381 1971 notam
1418 1931 1537 1971 recte
1575 1941 1670 1971 con-

176 1986 335 2028 cludas.
379 1986 473 2028 Hoc
505 1987 640 2040 igitur
671 1987 793 2029 modo
818 1987 980 2030 factum
1006 1991 1084 2039 est,
1116 1991 1164 2030 ut
1184 1988 1237 2029 ab
1259 1987 1498 2030 hominibus
1519 1986 1669 2038 doctis,

178 2045 249 2097 qui
294 2058 464 2098 operam
509 2059 626 2088 suam
672 2046 990 2089 collocaverunt
1038 2046 1083 2088 in
1131 2045 1324 2098 reliquiis
1370 2045 1671 2100 TheognideiS‚

177 2103 324 2146 variae
357 2104 408 2146 de
440 2108 615 2147 auctore
653 2105 956 2149 auctoribusve
994 2105 1236 2148 sententiae
1274 2105 1573 2159 proferrentur
1610 2105 1671 2147 di-

175 2162 395 2214 versisque
439 2163 705 2207 diversorum
755 2168 993 2218 temporum
1043 2164 1181 2218 poetis
1227 2177 1378 2208 versus
1421 2163 1671 2218 appendicis

176 2220 479 2264 tribuerentur.
542 2224 685 2275 Atque
722 2223 905 2265 maxime
943 2223 1111 2276 quidem
1147 2223 1337 2267 vocativi
1369 2220 1587 2279 Σιμωνίδη
1627 2227 1671 2265 et

178 2278 334 2334 Κύρνε,
375 2281 446 2332 qui
482 2281 760 2324 inveniuntur
799 2295 866 2325 vv.
902 2282 1016 2324 1349
1049 2285 1093 2324 et
1128 2282 1258 2333 1354,
1303 2283 1358 2324 ad
1401 2283 1670 2337 conjecturas

177 2338 227 2379 de
259 2342 433 2381 anctore
464 2339 685 2382 faciendas
723 2340 907 2383 adhibiti
939 2345 1050 2383 sunt.
1113 2341 1183 2383 Ita
1216 2342 1432 2395 Hartung.
1471 2341 1560 2383 solo
1598 2352 1670 2382 no-

175 2396 286 2438 mine
333 2397 470 2451 Κύρνε
514 2399 687 2442 videtur
732 2403 964 2442 commotus
1008 2412 1118 2451 esse,
1163 2404 1211 2442 ut
1254 2413 1406 2443 versus
1452 2399 1669 2450 1353-6,

177 2454 328 2497 deinde
382 2456 631 2509 1357-60,
685 2458 916 2499 1367—72
963 2458 1206 2512 Theognidi
1256 2459 1480 2502 tribueret.
1557 2457 1669 2500 Sane

175 2512 317 2565 aliqua
347 2514 548 2558 veritatis
579 2516 725 2570 specie>
751 2517 797 2559 id
828 2517 912 2559 dici
949 2530 1075 2570 posse
1114 2529 1199 2559 non
1236 2530 1364 2571 nego3
1402 2530 1500 2560 nam
1539 2516 1668 2569 siqui-

177 2571 268 2613 dem
313 2573 357 2614 in
394 2573 536 2625 priore
568 2575 676 2617 libro
716 2575 980 2629 Theognidis
1017 2576 1093 2618 illa
1130 2576 1225 2629 ipsa
1263 2575 1397 2631 Cyrni
1433 2574 1667 2629 appellatio

294 2724 311 2743 ²⁶²
338 2735 364 2758 0.
392 2725 414 2759 l.
442 2736 501 2769 pg.
528 2726 608 2760 470.
