1793 3110
804 188 1096 228 —18—

208 310 326 363 mini,
358 309 469 362 quod
500 306 728 357 antecedit,
760 318 845 348 non
876 307 942 348 est
974 304 1135 347 similis.
1197 303 1267 346 Ad
1298 304 1546 357 rhythmum
1570 304 1697 359 hujus

209 368 381 413 distichi
411 367 540 410 affero
573 366 677 407 duos
702 364 802 406 libri
833 363 987 417 prioris
1018 363 1133 405 locos
1166 362 1422 406 simillimos:

209 442 275 472 vv.
309 428 345 479 1,
379 428 421 485 2;
964 479 971 491 x
1217 479 1237 492 ν

380 487 427 525 Ὠ
459 482 552 533 ἄνα,
586 486 759 539 Λητοῦς
792 481 867 531 υἱέ,
900 485 998 528 Διος
1023 485 1152 531 τέκος,
1185 495 1348 523 ουποτε
1382 487 1471 523 σεῖο

383 541 567 599 λήσομαι
599 538 837 596 ἀρχόμενος
869 537 964 581 οὐδ’
999 537 1351 593 ἄποπαυόμενος.

207 616 273 647 vv.
308 602 432 651 1023,
464 602 508 641 4:

389 657 561 701 Οὕποτε
596 664 683 704 τοῖς
716 656 937 711 ἐχθροῖσιν
971 653 1058 698 ὑπὸ
1090 655 1212 709 ζυγόν
1245 654 1406 708 αὐχένα
1431 656 1556 714 θήσω

383 717 610 772 δύσλοφον,
644 713 739 758 οὐδ’
773 716 817 758 εἴ
844 726 937 769 μοι·
957 716 1135 769 Τμῶλος
1168 715 1320 758 ἔπεστι
1351 714 1473 773 κάρῃ.

324 777 403 820 Vv.
444 775 678 818 1329—34
714 775 930 828 Hartung.
971 777 1015 816 et
1053 773 1220 816 Sitzler.
1260 787 1355 817 cum
1391 787 1460 818 vv,
1503 774 1634 827 1327,
1673 774 1699 816 8

210 837 538 890 conjimxerunt3
578 834 654 876 sed
685 833 851 884 dubito,
890 845 990 874 num
1020 833 1101 875 hoc
1133 836 1251 876 recte
1288 833 1489 886 fecerint3
1526 833 1701 878 videtur

209 895 320 937 enim
350 894 452 936 mihi
483 906 521 936 v.
552 893 663 934 1329
696 905 781 934 non
812 892 1128 934 accommodate
1153 904 1326 936 versum
1354 892 1468 934 1328
1502 892 1701 947 excipere

207 966 348 1007 posse3
395 951 547 994 deinde
590 954 734 993 autem
771 950 934 993 nullum
966 951 1202 1009 exemplum
1235 951 1380 994 afferri
1411 954 1574 1006 potest,
1618 964 1700 1005 quo

207 1016 374 1065 poetam
406 1010 451 1053 111
482 1023 564 1052 11110
603 1009 791 1052 carmine
834 1009 1093 1052 allocutione
1140 1012 1172 1052 ὦ
1204 1017 1291 1053 παῖ
1330 1011 1396 1053 bis
1440 1023 1563 1054 usum
1606 1023 1702 1054 esse

208 1070 514 1123 comprobetur.
581 1069 864 1123 Quamobrem
902 1068 1008 1110 mihi
1050 1069 1193 1122 potius
1231 1070 1313 1112 duo
1350 1069 1567 1123 poematia
1607 1082 1702 1113 esse

208 1128 467 1182 accipienda.
528 1127 755 1169 Distichon
796 1128 928 1178 1333,
960 1129 989 1168 4
1026 1132 1145 1170 recte
1190 1140 1334 1171 omnes
1377 1128 1469 1171 fere
1513 1128 1701 1172 editores

208 1201 299 1230 cum
343 1186 609 1241 praegressis
654 1190 958 1229 conexuerunt.
1032 1185 1116 1229 Sed
1154 1199 1223 1230 vv.
1265 1187 1500 1230 1329—34
1542 1188 1701 1231 multas
1733 1222 1737 1225 .

208 1247 414 1299 praebent
458 1245 753 1297 difficultates3
797 1245 1002 1287 nonnulla
1046 1245 1157 1287 enim
1201 1246 1364 1300 maj0ra
1407 1246 1518 1290 vitia
1561 1247 1702 1291 latent

207 1306 252 1346 in
283 1318 343 1355 ea,
377 1317 500 1356 quam
532 1304 666 1346 codex
699 1304 841 1355 habet,
874 1304 1102 1357 scriptura.
1147 1305 1212 1347 De
1244 1305 1307 1347 eis
1337 1308 1480 1348 autem
1507 1305 1701 1349 omnibus

208 1362 450 1406 accuratius
482 1363 561 1404 hoc
592 1363 683 1404 loco
717 1375 847 1417 agere
879 1375 965 1405 non
996 1367 1189 1406 nostrum
1223 1367 1301 1406 est.
1364 1364 1485 1418 Quae
1517 1364 1576 1407 sit
1607 1377 1700 1408 sen-

208 1422 345 1464 tentia
381 1422 426 1463 in
462 1421 726 1472 universum,
771 1421 1001 1464 dilucidum
1045 1426 1126 1464 est:
1173 1425 1303 1476 poeta
1341 1436 1368 1465 a
1404 1436 1538 1477 puero
1575 1423 1699 1478 petit,

208 1484 256 1522 ut
287 1493 332 1522 se
364 1480 522 1530 audiat,
556 1481 591 1522 si
624 1480 792 1533 quidem
824 1484 958 1523 semet
988 1481 1128 1534 ipsum
1154 1481 1254 1523 olim
1279 1481 1474 1525 auditum
1497 1481 1555 1525 iri
1578 1482 1697 1526 velit.

208 1540 483 1581 Pentameter
526 1552 563 1581 v.
612 1539 724 1580 1332
763 1539 874 1581 idem
907 1543 973 1582 est
1007 1543 1137 1592 atque
1168 1554 1205 1583 v.
1240 1541 1373 1593 13043
1411 1541 1544 1584 etiam
1581 1544 1699 1584 δίδον

209 1597 334 1653 χάριν
378 1598 422 1639 111
464 1598 713 1640 hexametro
757 1611 1011 1652 praegresso
1057 1603 1214 1641 exstat.
1281 1599 1481 1654 Zieglero
1526 1600 1701 1644 videtur

209 1661 325 1698 totus
356 1669 395 1699 v.
432 1656 542 1697 1332
582 1669 604 1699 0
642 1670 680 1699 v.
721 1658 836 1699 1304
874 1658 1111 1710 explendae
1148 1658 1327 1701 lacunae
1366 1671 1496 1702 causa
1534 1659 1581 1702 in
1619 1660 1701 1702 1100

208 1727 376 1757 carmen
407 1715 646 1758 translatus
679 1728 783 1757 esse.
850 1715 971 1769 Quod
1004 1717 1174 1759 etiamsi
1205 1730 1283 1771 per
1321 1730 1367 1761 se
1406 1718 1592 1772 cogitari
1627 1731 1700 1772 po-

209 1776 308 1824 test,
339 1778 484 1815 tamen
517 1786 569 1816 ea
595 1775 647 1816 de
680 1787 811 1816 causa
843 1775 983 1817 videri
1014 1778 1105 1817 veri
1137 1776 1275 1819 simile
1307 1789 1394 1818 non
1432 1789 1544 1830 esse,
1588 1778 1702 1831 quod

209 1832 318 1874 aliae
354 1832 710 1885 interpolationes
748 1833 791 1875 in
831 1834 956 1888 hujus
1002 1834 1267 1877 collectionis
1311 1836 1572 1879 carminibus
1616 1849 1702 1879 non

208 1891 520 1941 invenirentur,
559 1892 712 1934 Hiller.
751 1905 784 1934 c.
822 1893 847 1934 1.
881 1905 951 1946 pg.
983 1893 1073 1934 450
1110 1897 1229 1936 recte
1267 1907 1361 1936 mea
1400 1894 1570 1946 quidem
1607 1907 1700 1938 sen-

209 1949 347 1991 tentia
379 1950 697 1992 animaduertit.
754 1951 800 1992 Si
831 1951 965 2005 igitur
995 1952 1185 2005 Ziegleri
1217 1953 1433 1995 sententia
1463 1966 1551 1996 non
1581 1959 1702 1997 recta

209 2011 290 2058 est,
333 2012 551 2050 auctorem
595 2009 844 2062 appendicis
877 2010 1127 2062 carminum,
1174 2011 1366 2063 quisquis
1408 2012 1509 2064 fuit,
1555 2013 1702 2056 eodem

208 2078 336 2108 versu
367 2066 432 2108 bis
464 2080 585 2109 usum
618 2081 712 2110 esse
736 2080 911 2111 necesse
937 2073 1014 2111 est.
1059 2069 1321 2124 Quamquam
1347 2083 1402 2113 ne
1427 2071 1507 2114 hoc
1533 2071 1702 2124 quidem

210 2125 411 2178 exemplis
442 2125 653 2168 illustrari
685 2130 728 2169 et
760 2127 1026 2180 comprobari
1057 2132 1218 2181 potest,
1250 2132 1395 2172 tamen
1421 2129 1703 2174 inveniuntur

210 2183 253 2224 iu
284 2184 362 2225 hoc
394 2184 535 2226 libello
569 2186 742 2228 eaedem
774 2199 971 2229 versuum
1010 2191 1158 2240 partes
1196 2188 1369 2241 pluries,
1433 2188 1550 2243 Quas
1586 2189 1703 2232 infra

211 2243 518 2294 compositurus
550 2256 653 2286 sum.

328 2301 607 2354 Participium
646 2303 825 2359 χρηΐζων
870 2304 914 2345 111
957 2303 1080 2346 initio
1124 2317 1276 2348 versus
1320 2305 1504 2359 positum
1542 2306 1704 2361 legitur

212 2357 341 2400 etiam
372 2372 409 2401 v.
443 2360 545 2401 958:
884 2413 900 2419 ,

389 2417 548 2474 χρῄζων
581 2417 815 2476 ἡμετέρους
847 2422 976 2469 αὖθις
1009 2422 1118 2464 ἵκοιο
1153 2422 1321 2476 δόμους.

216 2475 270 2516 ad
301 2477 474 2518 verbum
508 2475 835 2530 (ἐπιτυγχάνειν
867 2479 918 2522 cf.
950 2493 989 2523 v.
1024 2481 1126 2522 642:

390 2535 430 2576 εἰ
460 2534 521 2591 μὴ
554 2540 791 2579 σπουδαίου
824 2538 1075 2595 πρήγματος
1107 2538 1362 2592 ἅντιτύχοις.

330 2593 395 2634 De
427 2599 677 2647 argumento
711 2601 754 2638 et
786 2597 934 2639 ordine
966 2597 1141 2640 distichi
1171 2612 1240 2642 vv.
1276 2599 1406 2652 1335,
1439 2600 1466 2641 6
1497 2598 1609 2642 idem
1641 2599 1703 2642 di-

214 2650 391 2692 cendum
424 2655 489 2693 est
520 2658 649 2704 atque
681 2655 732 2696 de
763 2668 830 2697 vv.
866 2656 1084 2709 1253—63
1118 2657 1359 2710 consilium,
1393 2671 1470 2701 cur
1498 2659 1580 2700 hoc
1609 2658 1702 2711 ipso

213 2707 304 2750 loco
348 2709 554 2752 insertum
598 2712 672 2763 sit,
721 2714 920 2767 cognosci
963 2727 1047 2756 non
1090 2719 1251 2769 potest;
1295 2719 1548 2771 argumento
1593 2717 1704 2760 enim
