1793 3110
824 194 1087 234 —8—

210 316 343 358 currit
381 318 424 357 et
460 313 571 367 petit
609 324 790 366 pascuos
829 323 1032 364 equorum
1070 323 1210 366 agros.
1272 308 1433 352 Eodem
1465 312 1588 355 modo
1619 313 1700 356 hoc

207 376 298 417 loco
342 386 447 428 puer
491 375 659 415 amatus
697 371 751 413 ab
788 372 981 413 amatore
1019 372 1292 423 comparatur
1328 380 1422 411 cum
1459 383 1583 423 equ0‚
1628 371 1702 425 qui

209 438 433 486 postquam
471 430 644 482 aliquod
680 434 848 483 tempus
880 429 936 471 ad
973 441 1207 483 praesaepe
1243 430 1394 481 pastus
1432 432 1477 472 et
1514 430 1701 474 satiatus

209 495 274 533 est
314 516 369 520 —
405 501 503 532 nam
542 488 588 530 id
625 488 843 531 indicatur
873 487 1018 531 verbis
1051 487 1149 531 ἐπεὶ
1180 489 1348 544 κριθῶν
1380 485 1614 546 ἐκορέσθης
1644 514 1701 519 ———

208 556 256 592 ut
287 552 354 591 est
383 552 541 591 natura
572 546 716 599 fortis,
754 547 809 589 ad
840 559 1092 600 praesaepe,
1128 550 1178 590 ut
1212 547 1350 589 locum
1388 558 1434 589 se
1464 547 1702 603 indignum,

208 620 378 650 manere
408 606 548 650 noluit
578 609 708 659 atque
740 618 788 648 eo
819 618 866 648 se
899 605 1097 657 contulit,
1128 605 1203 648 ubi
1233 604 1402 648 invenit
1431 607 1588 649 bonum
1617 620 1702 650 mo-

209 668 446 709 deratorem
486 668 615 718 atque
651 665 824 717 pratum
868 665 1092 718 pulchrum
1130 668 1175 707 et
1211 664 1373 707 fontem
1414 664 1620 720 frigidum
1659 668 1704 708 et

206 726 344 767 lucum
370 725 629 776 umbrosum3
654 723 719 766 ita
745 723 875 766 etiam
902 735 1008 776 puer
1033 727 1214 775 amatus,
1245 726 1471 777 postquam
1496 723 1702 777 aliquam-

208 784 281 826 diu
318 783 362 825 in
401 783 619 826 cotidiana
656 786 785 834 atque
823 781 995 836 vulgari
1033 782 1127 825 vita
1162 781 1293 833 vixit,
1329 782 1462 825 rediit
1497 784 1553 826 ad
1590 789 1702 827 am'a-

206 846 352 893 torem,
386 842 458 894 qui
489 842 529 884 ei
561 854 715 890 omnes,
750 853 1024 893 quascunque
1049 843 1205 895 potest,
1236 840 1482 894 voluptates
1513 842 1702 896 praebet.

207 902 274 943 Ita
314 914 406 943 mea
445 901 613 953 quidem
652 900 867 942 sententia
905 913 1076 942 carmen
1109 899 1408 953 explicandum
1446 903 1530 954 est;
1566 913 1703 954 neque

209 960 385 1013 Bergk„
432 959 503 1011 qui
530 963 629 1012 post
660 973 698 1001 v.
735 959 847 1000 1249
893 959 1089 1001 lacunam
1135 959 1307 1010 statuit,
1351 971 1487 1011 neque
1519 959 1702 1011 Sitzler.,

208 1018 475 1071 nuperrimus
490 1018 862 1072 Theognideorum
885 1017 1036 1068 editor,
1057 1030 1228 1060 carmen
1247 1021 1367 1060 recte
1384 1017 1705 1062 intellexerunt.

207 1078 380 1128 lterum,
413 1077 495 1119 etsi
526 1076 611 1119 alio
644 1077 778 1128 modo,
811 1089 917 1130 puer
949 1081 994 1119 et
1025 1089 1158 1129 equus
1183 1076 1299 1119 inter
1330 1089 1376 1119 se
1402 1082 1704 1131 comparantur

206 1149 272 1178 vv.
303 1136 547 1186 1267-70,
575 1148 679 1187 quos
706 1148 801 1178 cum
827 1149 895 1178 vv.
922 1136 1153 1178 1249-—52
1179 1135 1496 1179 necessitudine
1521 1137 1705 1189 quadam

208 1207 300 1237 esse
334 1195 581 1248 conjunctos
614 1208 666 1237 ex
698 1194 842 1237 verbis
873 1198 1067 1251 κριθαῖσι
1101 1198 1324 1250 κορεσθείς
1355 1194 1484 1237 facile
1507 1195 1705 1250 intellegi
1733 1235 1736 1238 .

205 1257 360 1307 potest.
394 1279 449 1282 —

326 1312 466 1355 Series
503 1312 578 1354 illa
617 1312 866 1363 carminum,
912 1325 1021 1364 quae
1059 1313 1114 1354 ad
1151 1325 1326 1365 puerum
1371 1312 1545 1355 condita
1590 1315 1704 1364 sunt,

206 1385 244 1413 1.
280 1371 392 1413 1253
425 1371 757 1425 interrumpitiu·
788 1371 990 1422 distichO,
1030 1371 1142 1423 quod
1174 1371 1340 1413 Solonis
1378 1384 1471 1414 esse
1503 1371 1704 1414 Hermias

209 1434 395 1472 testatur
439 1430 481 1471 in
528 1430 723 1472 Platonis
767 1430 966 1472 Phaedro
1001 1432 1086 1484 (pg.
1122 1431 1188 1481 78,
1221 1431 1283 1473 ed.
1315 1430 1434 1486 Ast);
1478 1430 1518 1472 01
1561 1434 1703 1473 autem

208 1488 399 1530 additum
445 1494 509 1531 est
555 1490 737 1531 alterum
782 1489 997 1531 distichon
1037 1490 1224 1544 ejusdem
1263 1488 1505 1532 sententiae
1543 1489 1704 1532 eisdem

207 1548 295 1590 fere
317 1548 459 1590 verbis
480 1561 722 1601 expressae,
743 1548 855 1600 quod
869 1548 961 1590 sine
979 1548 1053 1590 illo
1067 1561 1121 1591 ne
1142 1547 1290 1590 confici
1312 1548 1481 1600 quidem
1500 1547 1704 1601 potuisse,

207 1610 323 1648 recte
356 1607 572 1649 Rintelen.
618 1607 845 1661 judicavit.
921 1607 1078 1660 Itaque
1109 1607 1269 1661 Bergk.
1314 1607 1413 1649 olim
1456 1607 1706 1650 dubitanter

206 1667 457 1719 conjecerat,
485 1665 630 1708 Soloni
656 1669 883 1718 utrumque
911 1665 1125 1708 distichon
1150 1678 1245 1709 esse
1270 1664 1561 1718 tribuendum
1593 1666 1706 1718 quod

204 1725 419 1778 Hartung.
448 1728 491 1767 et
516 1725 570 1767 H.
597 1724 908 1768 Schneidewin.
940 1726 1243 1778 probaverimt.
1294 1724 1379 1767 Sed
1404 1726 1517 1777 quod
1542 1725 1701 1779 Bergk.

206 1797 274 1836 pg.
309 1784 365 1825 49
405 1784 484 1838 (ed.
518 1784 598 1839 IV)
643 1784 871 1836 concessit,
915 1797 1041 1837 posse
1086 1785 1269 1827 alterum
1315 1783 1529 1827 distichon
1573 1783 1702 1826 etiam

207 1842 316 1884 alius
348 1848 502 1895 poetae
534 1855 638 1891 esse,
672 1843 716 1885 id
749 1843 851 1896 quin
882 1843 1005 1885 unice
1032 1856 1180 1886 verum
1206 1846 1332 1894 esset,
1365 1843 1402 1885 si
1426 1852 1503 1897 pro
1531 1846 1702 1896 „posse“

205 1901 452 1954 scripsisset
496 1902 711 1953 ,‚debere“‚
757 1915 851 1944 mea
901 1901 1068 1954 quidem
1119 1901 1336 1944 sententia
1386 1900 1576 1944 dubitari
1618 1914 1702 1944 non

204 1965 356 2013 potest.
408 1961 491 2002 Est
522 1960 633 2003 enim
665 1961 847 2004 alterum
880 1961 1095 2003 distichon
1125 1960 1233 2002 nihil
1263 1960 1348 2002 nisi
1373 1961 1522 2015 J‘ejtma
1554 1971 1703 2003 eorun-

205 2020 299 2061 dem
344 2019 433 2062 fere
471 2020 717 2071 verborum,
761 2020 950 2074 eJ’usdem
989 2019 1232 2062 sententiae
1274 2019 1494 2073 repetitio,
1539 2019 1703 2071 Solone,

205 2084 333 2130 poeta
365 2079 653 2130 celeberrimo,
685 2080 1016 2131 haudquaquam
1048 2079 1190 2132 digna.
1241 2079 1372 2121 Immo
1398 2078 1542 2132 potius
1574 2091 1627 2121 ex
1655 2091 1703 2121 eo

205 2137 402 2191 intellegi
433 2141 595 2190 potest,
635 2151 719 2190 qua
755 2138 925 2180 ratione
955 2138 1010 2189 is,
1049 2137 1122 2190 qui
1161 2137 1437 2191 appendicem
1468 2138 1579 2179 hanc
1611 2149 1704 2179 con-

205 2196 325 2246 fecit,
363 2209 465 2238 usus
498 2196 566 2239 sit.
629 2197 820 2240 Inseruit
863 2196 1105 2240 collectioni
1149 2209 1252 2239 suae
1290 2196 1505 2238 distichon
1537 2195 1705 2238 Solonis

207 2253 335 2306 (quod
372 2255 516 2297 nescio
555 2256 667 2298 unde
705 2255 1025 2310 desumpserit),
1070 2259 1114 2298 et
1152 2256 1289 2298 altero
1328 2255 1510 2297 disticho
1556 2254 1705 2297 statim

207 2313 354 2355 addito
392 2314 510 2356 illius
549 2315 807 2358 sententiam
844 2314 1036 2358 variavit
1072 2318 1117 2357 et
1153 2313 1403 2357 illustravit.
1465 2312 1535 2356 Sic
1573 2313 1703 2356 etiam

208 2372 359 2415 Hiller.
393 2372 444 2427 (c.
477 2374 502 2416 l.
535 2387 604 2428 pg.
637 2373 741 2429 470)
773 2374 1013 2416 rectissime
1043 2372 1272 2428 Judicaxfit:
1323 2371 1473 2426 „biefess
1508 2371 1602 2416 aber
1635 2371 1705 2427 bat

209 2430 277 2473 ber
308 2431 468 2486 {Dichter
506 2444 584 2475 nur
624 2432 879 2488 mitgetbeiit,
923 2445 991 2476 um
1036 2437 1078 2475 ess
1125 2431 1305 2476 aissbmm
1343 2431 1386 2476 111
1424 2431 1511 2475 hem
1556 2428 1706 2484 barani

209 2488 423 2544 foigenben
450 2490 654 2545 Qiftidwn
680 2492 753 2535 mit
778 2491 1004 2547 negutinem
1029 2490 1232 2535 211101111ιεῖ
1256 2503 1304 2546 511
1330 2489 1566 2534 nuriieten.¹⁴
1619 2489 1705 2533 Sed

208 2562 414 2600 quaenam
453 2553 520 2592 est
557 2563 704 2603 causa,
751 2563 828 2594 cur
865 2551 946 2593 hoc
982 2550 1076 2604 ipso
1114 2551 1206 2592 1000
1244 2550 1351 2593 haec
1395 2550 1478 2592 duo
1517 2548 1705 2592 disticha

206 2607 370 2649 inserta
402 2608 499 2660 sint,
532 2622 625 2652 cum
657 2609 924 2664 argumentis
955 2609 1071 2652 inter
1100 2622 1148 2651 se
1179 2608 1335 2652 similia
1365 2608 1454 2651 sint
1484 2611 1530 2650 et
1553 2620 1703 2651 versus

206 2666 279 2716 qui
303 2668 564 2710 antecedunt
583 2672 627 2710 et
647 2668 686 2711 ei
705 2669 776 2721 qui
796 2671 1044 2721 sequuntur,
1070 2669 1219 2710 horum
1240 2671 1384 2710 autem
1409 2666 1701 2717 distichorum,

207 2737 314 2775 quae
345 2738 398 2768 ne
430 2727 484 2768 ad
516 2740 694 2780 puerum
726 2727 894 2780 quidem
926 2727 1092 2780 scripta
1123 2730 1240 2778 sunt,
1280 2727 1356 2769 sed
1383 2725 1627 2769 sententias
1657 2724 1704 2767 in
