1793 3110
186 975 484 1019 collectionem
537 974 770 1017 carminum
821 973 1140 1024 amatoriorum,
1193 987 1300 1026 quae
1358 974 1566 1027 inscripta

66 1034 294 1088 „cursim
325 1037 377 1090 β“
409 1034 453 1076 in
490 1033 578 1075 solo
618 1033 761 1076 codice
796 1032 1028 1076 Mutinensi
1062 1032 1327 1087 Theognidis
1371 1033 1566 1085 reliquiis

67 1093 216 1138 addita
259 1098 341 1144 cst,
386 1099 614 1145 antequam
658 1092 840 1134 Bekker.
881 1091 1004 1134 initio
1043 1092 1169 1146 hujtis
1213 1092 1370 1134 saeculi
1418 1092 1565 1136 edidit.

66 1152 236 1196 omnino
287 1164 482 1205 umquam
527 1152 748 1194 exstitisse
791 1164 913 1194 nemo
958 1150 1107 1193 habuit
1152 1151 1381 1205 cognitum.
1459 1151 1563 1193 Nam

66 1211 226 1255 nullum
247 1217 389 1254 exstat
417 1210 673 1265 scriptorum
695 1218 885 1253 veterum
913 1210 1028 1253 hisce
1055 1210 1107 1253 de
1134 1210 1342 1264 poematis
1368 1217 1562 1264 apertum

67 1270 374 1318 testimonium,
425 1270 585 1313 nullum
636 1270 851 1313 distichon
897 1269 1057 1324 legitur
1100 1270 1213 1323 apud
1258 1268 1561 1323 florilegiorum

65 1335 276 1380 auctoreS,
306 1329 418 1382 quod
450 1341 503 1371 ex
536 1329 602 1371 his
635 1329 830 1372 versibus
862 1329 919 1371 sit-
950 1335 1181 1382 receptum,
1214 1341 1265 1370 ue
1298 1329 1563 1383 Authologia

65 1388 234 1441 quidem
270 1388 469 1431 Palatina
501 1388 746 1431 continetur
779 1388 906 1430 ullum
941 1387 1224 1442 epigramma,
1257 1388 1368 1440 quod
1407 1387 1450 1430 in
1484 1388 1562 1430 ha(-

65 1447 316 1491 collectione
348 1447 605 1491 inveniatur.
667 1448 786 1502 Quae
818 1460 912 1489 cum
944 1447 1006 1489 ita
1039 1447 1137 1496 siut,
1168 1446 1261 1489 fieri
1294 1459 1377 1489 nou
1410 1455 1564 1501 potest,

66 1507 168 1559 quin
207 1506 346 1549 omnia
384 1506 492 1556 fere,
536 1518 644 1559 quae
683 1506 737 1548 ad
777 1506 925 1548 horum
959 1519 1155 1548 versuum
1190 1505 1400 1558 originem
1433 1506 1563 1548 ratio-

66 1577 243 1619 nemque
269 1564 526 1619 pertineant.
559 1578 611 1608 ex
643 1565 707 1607 eis
739 1565 843 1618 ipsis
870 1572 1087 1607 eruantur.
1151 1564 1436 1618 Inscriptione
1464 1578 1565 1607 vero

65 1624 290 1677 „dierectum
321 1623 395 1679 ffl‘,
439 1637 547 1677 quae
591 1625 681 1666 sine
719 1625 845 1667 dubio
885 1625 1111 1666 referenda
1154 1629 1221 1666 est
1264 1624 1319 1666 ad
1352 1624 1566 1678 Theogni-

65 1684 238 1726 deorum
284 1683 454 1730 librum.
499 1683 570 1735 qui
615 1683 657 1725 iu
703 1684 847 1726 codice
894 1683 1128 1726 Mutinensi
1172 1682 1434 1736 ,Θεόγνιδος
1479 1683 1567 1725 ἐλε·

67 1746 191 1795 γείων
222 1741 296 1784 α’“
327 1742 589 1792 inscribitur,
626 1751 786 1785 certam
820 1742 1031 1795 quandam
1066 1742 1156 1784 sive
1189 1742 1445 1784 exteriorem
1479 1742 1570 1784 sive

66 1800 310 1843 interiorem
345 1801 554 1844 rationem
581 1801 847 1844 intercedere
874 1801 1002 1843 alteri
1028 1814 1121 1844 cum
1148 1801 1289 1843 altera
1314 1801 1566 1844 collectione

66 1859 262 1903 efficitur.
327 1860 388 1902 Dc
426 1861 505 1902 hac
543 1860 677 1913 igitur
715 1860 882 1902 ratione
925 1860 1173 1903 accuratius
1216 1872 1423 1912 quaerere
1464 1859 1564 1902 mihi

66 1918 278 1972 proposui.
329 1920 470 1972 Atque
504 1919 565 1961 ita
597 1919 765 1972 quidem
799 1919 1089 1971 quaestionem
1123 1919 1348 1961 absolvere
1374 1919 1567 1968 studebo,

67 1984 112 2020 nt
146 1977 280 2031 primo
313 1978 453 2031 capite
486 1990 630 2020 omnes
664 1985 845 2020 tractem
878 1992 958 2028 res,
990 1978 1142 2030 quibus
1174 1978 1379 2044 quomodo
1413 1990 1569 2031 appen-

67 2036 140 2079 dix
183 2043 432 2091 comparata
476 2037 551 2087 sit,
595 2037 854 2088 illustretur,
899 2037 1052 2079 deinde
1097 2036 1199 2089 quid
1244 2049 1296 2078 ex
1336 2037 1398 2079 eis
1438 2037 1566 2079 rebus

67 2094 282 2138 efficiatur
317 2096 372 2138 ad
410 2095 619 2138 rationem
658 2095 883 2149 appendici
922 2108 1013 2138 cum
1053 2095 1344 2149 Theognideis
1387 2095 1567 2137 interce

67 2154 237 2219 dentem
275 2155 448 2207 ejusque
486 2153 667 2207 originis
712 2162 895 2208 tempus,
941 2155 1125 2197 secundo
1172 2154 1569 2207 comprehendam*

187 2270 205 2291 ‘
233 2270 324 2306 Usus
351 2282 426 2306 sum
456 2271 671 2307 editionibus
696 2278 734 2306 et.
759 2271 1122 2307 commentationibus
1149 2271 1217 2305 his:
1248 2270 1425 2309 Welcker,
1453 2270 1567 2307 Theo-

66 2328 188 2374 gnidis
214 2329 398 2374 reliquiae.
428 2330 750 2378 182624110113uug.
778 2330 844 2367 mie
871 2329 1081 2375 gtiemiidnu
1097 2330 1258 2375 &legistin
1291 2328 1437 2375 sscimig.
1470 2331 1569 2364 1859.

68 2387 136 2423 vol.
165 2389 195 2423 1.
244 2388 401 2433 Ziegler,
435 2389 658 2434 Theognidis
691 2388 848 2433 elegiae,
880 2387 1083 2433 Tubiugae.
1113 2388 1215 2423 1880.
1249 2389 1303 2424 ed.
1331 2388 1379 2424 11.
1429 2388 1569 2424 Sitzler.

67 2445 289 2492 Theognidis
312 2447 496 2492 reliquiae.
523 2447 798 2493 Heidelbergae.
829 2447 928 2483 1880.
980 2448 1112 2492 Bergk,
1139 2447 1273 2483 Poetae
1299 2447 1400 2491 lyrici
1427 2447 1570 2482 Graeci-

69 2505 112 2540 ed
139 2505 201 2540 IV.
229 2504 382 2550 Lipsiae.
412 2506 513 2542 1882.
541 2507 610 2542 vol.
639 2507 685 2542 11.
716 2527 758 2531 —
785 2508 821 2542 (Υ.
852 2506 1031 2545 Rintelcn.
1061 2506 1111 2542 De
1138 2505 1345 2550 Theognide
1367 2506 1568 2550 Megarensi

70 2567 187 2607 poeta.
227 2563 319 2599 Diae.
351 2564 398 2601 in.
425 2565 646 2601 nonasterii.
677 2566 778 2601 1863.
841 2567 878 2600 Γ.
907 2565 1051 2606 Mulier,
1085 2565 1136 2601 De
1167 2564 1312 2610 scriptis
1338 2564 1570 2610 Theognidis.

70 2621 162 2657 Diae.
190 2621 238 2657 in.
263 2622 423 2659 Coronae
436 2624 705 2660 Germanorum.
736 2624 836 2659 1876.
889 2623 989 2659 Rich.
1005 2623 1260 2668 Kuellenberg,
1289 2623 1341 2659 De
1368 2622 1570 2659 imitatione

69 2678 315 2725 Theognidea.
354 2681 445 2717 Diae.
471 2682 519 2718 in.
546 2682 793 2728 Argentorati.
823 2682 925 2718 1877.
977 2682 1022 2718 H.
1048 2682 1311 2722 Schneidewin,
1344 2683 1397 2718 De
1421 2680 1571 2727 syllogis

0 2748 2 2759 ·
70 2738 324 2784 Theognideie.
352 2739 442 2775 Diae.
465 2739 512 2776 in.
534 2741 782 2786 Argentorati.
811 2740 912 2777 1878.
940 2760 985 2767 —
1012 2752 1082 2777 van
1101 2741 1165 2777 der
1186 2742 1277 2785 Mes,
1303 2741 1432 2777 Studia
1456 2741 1571 2777 Theo-

1240 2801 1284 2835 1.
