1793 3110
802 182 1095 223 —20-

327 305 471 347 Verba
491 300 725 343 ἀθανάτων
751 297 949 354 βασιλεύς
975 299 1027 340 de
1045 297 1155 341 Jove
1176 296 1293 339 dicta
1318 300 1362 339 et
1386 296 1431 338 in
1456 296 1694 350 posteriore

209 362 465 418 pentametri
495 363 617 413 parte
648 358 790 412 posita
820 357 1023 410 leguntur
1054 355 1183 398 etiam
1215 369 1254 399 v.
1289 355 1420 399 1120:

384 421 588 476 Λητοΐδης
619 419 690 459 καὶ
721 415 839 466 Ζεύς,
873 412 1109 457 ἀθανάτων
1141 413 1351 469 βασιλεύς.

210 481 260 523 cf.
292 494 330 523 v.
364 479 464 520 376:

385 535 457 578 σὸν
490 536 533 578 δὲ
565 534 717 590 κράτος
748 532 926 575 πάντων
954 530 1048 575 ἔσθ’
1077 529 1258 583 ὕπατον,
1291 533 1480 587 βασιλεῦ.

210 597 259 639 cf.
292 609 330 639 v.
364 595 464 636 743:

383 656 455 695 καὶ
486 650 613 703 τοῦτ’,
647 649 883 692 ἀθανάτων
915 650 1102 704 βασιλεῦ,
1135 653 1225 696 πῶς
1257 648 1347 691 ἐστὶ
1379 651 1556 692 δίκαιον.

325 713 428 754 Cum
472 710 614 754 verbis
657 711 856 765 παιδείης
901 706 1036 755 ἄνθος
1075 705 1214 760 ἔχοντ’
1254 706 1410 763 ἐρατόν
1454 706 1694 761 comparari

206 774 384 824 possunt
414 769 459 811 hi
490 781 656 812 versus:
690 768 739 810 cf.
772 768 874 809 452:

384 826 478 871 οὐδ’
506 826 648 883 εὖρώς,
681 828 765 868 aasz
799 823 841 868 δ’
875 824 1010 872 ἄνθος
1043 825 1132 877 ἔχει
1163 824 1373 882 καθαρόν.

205 902 244 931 V.
277 888 378 929 994:

383 939 524 987 ἆθλον
556 942 597 987 δ’
631 944 677 987 ἐν
708 949 848 998 μέσσῳ
880 950 982 990 παῖς
1014 940 1146 985 καλὸν
1178 941 1314 991 ἄνθος
1347 943 1467 995 ἔχων.

207 1019 273 1049 vv.
309 1005 433 1056 1007⁷
467 1005 510 1045 8:

381 1060 521 1109 Ξυνὸν
551 1060 592 1104 δ’
621 1060 872 1117 ἀνθρώποις
906 1058 1202 1114 ὑποθήσομαι,
1237 1059 1349 1117 ὄφρά
1382 1076 1448 1111 τις
1480 1057 1586 1118 ἥβης

386 1119 543 1174 ἀγλαὸν
576 1119 710 1166 ἄνθος
744 1119 851 1171 ἔχων
882 1122 951 1161 καὶ
987 1121 1138 1175 φρεσὶν
1171 1118 1308 1162 ἐσθλὰ
1342 1123 1433 1176 νοῇ,

206 1194 243 1223 v.
280 1181 408 1222 1070:

1231 1238 1320 1279 οἵτε
1356 1237 1573 1285 θανόντας

380 1294 575 1338 κλαίουσ’
609 1294 700 1338 οὐδ’
731 1293 835 1352 ἥβης
866 1294 1005 1343 ἄνθος
1038 1294 1355 1350 ἀπολλύμενον.

322 1356 557 1398 Admodum
590 1354 739 1398 similis
771 1358 838 1397 est
869 1368 907 1398 v.
943 1355 1056 1396 1305
1088 1355 1214 1409 hujus
1245 1355 1519 1398 collectionis.

321 1414 486 1456 Deinde
512 1414 566 1456 ad
591 1415 725 1457 verba
750 1411 860 1456 οὕτω
893 1412 954 1470 μὴ
980 1413 1192 1467 θαύμαζε,
1224 1417 1441 1472 Σιμωνίδη
1475 1414 1530 1471 (V.
1561 1414 1691 1471 1349)

205 1473 256 1515 cf.
288 1487 326 1515 v.
359 1473 431 1515 25:

381 1529 503 1573 οὐδὲν
536 1531 805 1585 θαυμαστόν,
839 1533 1113 1588 Πολυπαῖδη·
1149 1529 1249 1575 οὐδὲ
1278 1536 1358 1574 etc.

205 1590 256 1633 Cf.
287 1603 325 1633 V.
360 1591 460 1633 191:

380 1645 490 1690 oiim
523 1648 584 1705 μη
616 1648 815 1703 θαύμαζε
848 1655 964 1702 γένος
997 1651 1256 1706 Πολυπαΐδη
1290 1648 1431 1692 (ἱστῶν

377 1712 667 1762 μαυροῦσθαι.

321 1765 560 1808 Simonides
605 1767 774 1818 quidam
822 1767 1066 1820 appellatur
1111 1767 1238 1810 etiam
1283 1767 1327 1810 in
1379 1768 1543 1811 duobus
1591 1768 1691 1811 libri

203 1824 357 1877 prioris
387 1825 656 1878 fragmentis:
689 1826 913 1878 467—743
946 1827 1163 1868 667—82.

239 1899 243 1904 ·
319 1884 535 1937 AdJ'ectivi
567 1881 835 1940 ἁπαλόχροος
868 1884 1025 1926 formas
1064 1886 1209 1927 eodem
1241 1897 1393 1928 versus
1430 1886 1523 1928 loco
1561 1889 1691 1939 atque

202 1955 240 1984 V.
276 1942 386 1983 1341
421 1943 533 1995 apud
565 1942 798 1985 Hesiodum
832 1957 895 1996 op.
930 1944 1015 1985 519
1055 1948 1099 1985 et
1135 1944 1180 1985 in
1212 1945 1367 1997 Hymn.
1400 1945 1476 1996 IV⁷
1510 1945 1566 1986 14
1603 1945 1692 1999 legi

202 2000 363 2043 monuit
387 2000 582 2052 Renner.‚
616 2015 649 2044 c.
674 2002 699 2043 l.
726 2015 795 2056 pg.
823 2003 890 2043 62.
940 2003 1058 2045 Idem
1089 2003 1215 2056 plura
1247 2003 1441 2056 exempla
1473 2003 1692 2058 congessit

203 2060 256 2101 ad
286 2060 418 2102 verba
448 2063 639 2116 πειδείης
671 2059 805 2108 ἄνθος
838 2059 975 2113 ἔχοντ’
1010 2061 1163 2116 ἐρατόν
1195 2074 1228 2104 c.
1260 2062 1286 2104 l.
1318 2075 1387 2116 pg.
1420 2063 1488 2105 40.

319 2118 447 2160 Ratio
480 2131 598 2170 vero,
643 2132 723 2171 quo
767 2124 894 2173 poeta
937 2120 1115 2172 antiqua
1157 2120 1304 2164 fabula
1341 2122 1396 2163 ad
1432 2121 1691 2164 sententiam

203 2189 319 2218 suam
362 2177 662 2219 illustrandam
706 2191 809 2220 usus
852 2184 936 2230 est⁷
986 2180 1112 2232 plane
1163 2183 1230 2222 est
1279 2181 1427 2222 eadem
1469 2185 1602 2233 atque
1645 2183 1690 2223 in

202 2248 268 2277 vv.
304 2236 544 2287 1283—94‚
578 2237 632 2278 ad
665 2249 786 2288 quem
819 2238 955 2280 locum
986 2239 1070 2291 J'am
1104 2238 1233 2280 attuli
1264 2252 1332 2282 vv.
1368 2239 1582 2281 1123—8.
1637 2240 1690 2282 In

202 2294 374 2336 Anthol.
407 2295 545 2337 Palat.
578 2295 680 2346 XII,
713 2296 889 2338 65—70
934 2298 1079 2339 eadem
1123 2296 1269 2340 fabula
1308 2297 1438 2340 simili
1474 2298 1596 2340 modo
1635 2299 1690 2341 ad

202 2352 377 2394 eandem
407 2365 493 2395 rem
527 2354 820 2406 explicandam
853 2368 879 2397 a
910 2359 1038 2408 poeta
1071 2355 1274 2398 adhibita«
1296 2360 1374 2398 est.

318 2411 555 2463 Distichon‚
589 2414 699 2464 quod
731 2413 923 2465 sequitur
954 2428 1022 2457 vv.
1050 2414 1175 2466 1351,
1204 2416 1242 2466 2,
1274 2428 1367 2457 cum
1398 2427 1536 2467 neque
1566 2428 1688 2469 prae-

202 2469 362 2521 gressis
393 2482 528 2521 neque
559 2471 880 2523 insequentibus
912 2473 1048 2515 simile
1080 2473 1149 2524 sit,
1181 2486 1232 2516 ea
1258 2474 1310 2516 de
1336 2486 1467 2517 causa
1492 2475 1571 2516 hoc
1595 2474 1687 2517 loco

201 2527 407 2570 insertum
439 2528 611 2571 videtur
643 2542 753 2581 esse,
791 2531 902 2582 quod
939 2532 1019 2574 hoc
1057 2533 1178 2574 modo
1216 2532 1348 2575 mirus
1386 2532 1560 2577 exsistit
1591 2545 1687 2576 con-

202 2590 353 2643 centus
382 2587 605 2629 verborum
644 2585 754 2630 οὕτω
792 2588 853 2645 μὴ
892 2590 1091 2643 θαύμαζε
1124 2590 1180 2645 (v,
1216 2591 1345 2647 1349)
1385 2595 1430 2634 et
1459 2593 1686 2635 verborum

203 2645 234 2683 ὠ
265 2651 363 2695 παῖ,
401 2645 462 2700 μὴ
494 2645 678 2699 κώμαζε,
723 2660 973 2699 quamquam
1007 2649 1134 2691 etiam
1179 2662 1281 2693 casu
1318 2650 1364 2693 id
1400 2650 1494 2693 fieri
1529 2649 1683 2704 potuit.

203 2700 296 2755 Qua
321 2702 372 2744 de
398 2716 444 2744 re
475 2703 589 2746 infra
619 2705 740 2747 nobis
773 2706 993 2749 dicendum
1026 2707 1120 2750 erit.

1733 1223 1736 1226 ·
1787 1195 1793 1251 '1³
