<?xml version="1.0" encoding="UTF-8"?>
<!DOCTYPE html PUBLIC "-//W3C//DTD XHTML 1.0 Transitional//EN"
    "http://www.w3.org/TR/xhtml1/DTD/xhtml1-transitional.dtd">
<html xmlns="http://www.w3.org/1999/xhtml" xml:lang="en" lang="en">
 <head>
  <title>
</title>
<meta http-equiv="Content-Type" content="text/html;charset=utf-8" />
  <meta name='ocr-system' content='tesseract 3.04.00' />
  <meta name='ocr-capabilities' content='ocr_page ocr_carea ocr_par ocr_line ocrx_word'/>
</head>
<body>
  <div class='ocr_page' id='page_1' title='image "./quaestionestheog00corsuoft_0044.png"; bbox 0 0 1793 3110; ppageno 0'>
   <div class='ocr_carea' id='block_1_1' title="bbox 825 204 1119 245">
    <p class='ocr_par' dir='ltr' id='par_1_1' title="bbox 825 204 1119 245">
     <span class='ocr_line' id='line_1_1' title="bbox 825 204 1119 245; baseline 0 -11"><span class='ocrx_word' id='word_1_1' title='bbox 825 204 1119 245; x_wconf 66' lang='lat'><strong>-42—</strong></span> 
     </span>
    </p>
   </div>
   <div class='ocr_carea' id='block_1_2' title="bbox 221 321 1723 2791">
    <p class='ocr_par' dir='ltr' id='par_1_2' title="bbox 221 321 1723 2791">
     <span class='ocr_line' id='line_1_2' title="bbox 225 321 1720 378; baseline 0.002 -15"><span class='ocrx_word' id='word_1_2' title='bbox 225 321 337 363; x_wconf 89' lang='lat' dir='ltr'><strong>serio</strong></span> <span class='ocrx_word' id='word_1_3' title='bbox 370 322 668 375; x_wconf 85' lang='lat' dir='ltr'><strong>oppugnando,</strong></span> <span class='ocrx_word' id='word_1_4' title='bbox 702 323 776 365; x_wconf 89' lang='lat' dir='ltr'><strong>sed</strong></span> <span class='ocrx_word' id='word_1_5' title='bbox 807 321 1057 365; x_wconf 90' lang='lat' dir='ltr'><strong>cavillorum</strong></span> <span class='ocrx_word' id='word_1_6' title='bbox 1089 322 1261 365; x_wconf 84' lang='lat' dir='ltr'><strong>facetiis</strong></span> <span class='ocrx_word' id='word_1_7' title='bbox 1293 322 1501 366; x_wconf 87' lang='lat' dir='ltr'><strong>declinari</strong></span> <span class='ocrx_word' id='word_1_8' title='bbox 1525 323 1596 367; x_wconf 89' lang='lat' dir='ltr'><strong>vel</strong></span> <span class='ocrx_word' id='word_1_9' title='bbox 1625 336 1720 378; x_wconf 92' lang='lat' dir='ltr'><strong>pro-</strong></span> 
     </span>
     <span class='ocr_line' id='line_1_3' title="bbox 225 380 1720 436; baseline 0.002 -14"><span class='ocrx_word' id='word_1_10' title='bbox 225 380 386 423; x_wconf 83' lang='lat' dir='ltr'><strong>caciter</strong></span> <span class='ocrx_word' id='word_1_11' title='bbox 411 381 594 434; x_wconf 87' lang='lat' dir='ltr'><strong>propelli</strong></span> <span class='ocrx_word' id='word_1_12' title='bbox 620 381 775 424; x_wconf 78' lang='lat' dir='ltr'>solent:</span> <span class='ocrx_word' id='word_1_13' title='bbox 801 381 931 434; x_wconf 87' lang='lat' dir='ltr'><strong>longe</strong></span> <span class='ocrx_word' id='word_1_14' title='bbox 955 381 1183 424; x_wconf 81' lang='lat' dir='ltr'><strong>maximam</strong></span> <span class='ocrx_word' id='word_1_15' title='bbox 1209 386 1351 424; x_wconf 88' lang='lat' dir='ltr'><strong>autem</strong></span> <span class='ocrx_word' id='word_1_16' title='bbox 1379 382 1435 424; x_wconf 90' lang='lat' dir='ltr'><strong>ad</strong></span> <span class='ocrx_word' id='word_1_17' title='bbox 1452 382 1561 425; x_wconf 88' lang='lat' dir='ltr'><strong>illud</strong></span> <span class='ocrx_word' id='word_1_18' title='bbox 1585 395 1720 436; x_wconf 85' lang='lat' dir='ltr'><strong>genus</strong></span> 
     </span>
     <span class='ocr_line' id='line_1_4' title="bbox 226 439 1720 499; baseline 0.001 -17"><span class='ocrx_word' id='word_1_19' title='bbox 226 439 310 483; x_wconf 88' lang='lat' dir='ltr'><strong>vim</strong></span> <span class='ocrx_word' id='word_1_20' title='bbox 354 440 487 482; x_wconf 87' lang='lat' dir='ltr'><strong>habet</strong></span> <span class='ocrx_word' id='word_1_21' title='bbox 524 440 700 494; x_wconf 74' lang='lat' dir='ltr'><strong>Jocandi</strong></span> <span class='ocrx_word' id='word_1_22' title='bbox 742 440 1033 494; x_wconf 87' lang='lat' dir='ltr'><strong>ingeniolique</strong></span> <span class='ocrx_word' id='word_1_23' title='bbox 1077 441 1325 484; x_wconf 88' lang='lat' dir='ltr'><strong>ostentandi</strong></span> <span class='ocrx_word' id='word_1_24' title='bbox 1367 441 1519 499; x_wconf 39' lang='lat' dir='ltr'><strong>iun-ata</strong></span> <span class='ocrx_word' id='word_1_25' title='bbox 1561 441 1720 483; x_wconf 89' lang='lat' dir='ltr'><strong>homini</strong></span> 
     </span>
     <span class='ocr_line' id='line_1_5' title="bbox 224 497 1720 552; baseline 0.001 -12"><span class='ocrx_word' id='word_1_26' title='bbox 224 497 378 551; x_wconf 86' lang='lat' dir='ltr'><strong>cupido</strong></span> <span class='ocrx_word' id='word_1_27' title='bbox 411 503 540 550; x_wconf 89' lang='lat' dir='ltr'><strong>atque</strong></span> <span class='ocrx_word' id='word_1_28' title='bbox 572 499 808 552; x_wconf 84' lang='lat' dir='ltr'><strong>voluptas“.</strong></span> <span class='ocrx_word' id='word_1_29' title='bbox 869 498 1024 551; x_wconf 86' lang='lat' dir='ltr'><strong>Itaque</strong></span> <span class='ocrx_word' id='word_1_30' title='bbox 1055 499 1387 552; x_wconf 72' lang='lat' dir='ltr'><strong>appellationem</strong></span> <span class='ocrx_word' id='word_1_31' title='bbox 1421 501 1452 541; x_wconf 79' lang='grc' dir='ltr'>ὥ</span> <span class='ocrx_word' id='word_1_32' title='bbox 1484 506 1578 552; x_wconf 80' lang='grc' dir='ltr'><em>παῖ,</em></span> <span class='ocrx_word' id='word_1_33' title='bbox 1611 512 1720 552; x_wconf 89' lang='lat' dir='ltr'><strong>quae</strong></span> 
     </span>
     <span class='ocr_line' id='line_1_6' title="bbox 224 557 1720 612; baseline 0.003 -14"><span class='ocrx_word' id='word_1_34' title='bbox 224 557 269 599; x_wconf 89' lang='lat' dir='ltr'><strong>in</strong></span> <span class='ocrx_word' id='word_1_35' title='bbox 300 557 496 610; x_wconf 83' lang='lat' dir='ltr'><strong>plurimis</strong></span> <span class='ocrx_word' id='word_1_36' title='bbox 527 558 776 611; x_wconf 88' lang='lat' dir='ltr'><strong>appendicis</strong></span> <span class='ocrx_word' id='word_1_37' title='bbox 808 557 1068 608; x_wconf 81' lang='lat' dir='ltr'><strong>carminibus</strong></span> <span class='ocrx_word' id='word_1_38' title='bbox 1100 558 1273 612; x_wconf 88' lang='lat' dir='ltr'><strong>legitur,</strong></span> <span class='ocrx_word' id='word_1_39' title='bbox 1304 559 1565 612; x_wconf 87' lang='lat' dir='ltr'><strong>respondere</strong></span> <span class='ocrx_word' id='word_1_40' title='bbox 1595 571 1720 603; x_wconf 86' lang='lat' dir='ltr'><strong>voca-</strong></span> 
     </span>
     <span class='ocr_line' id='line_1_7' title="bbox 227 615 1721 672; baseline 0.001 -14"><span class='ocrx_word' id='word_1_41' title='bbox 227 615 317 658; x_wconf 85' lang='lat' dir='ltr'><strong>tivo</strong></span> <span class='ocrx_word' id='word_1_42' title='bbox 351 615 510 672; x_wconf 80' lang='grc' dir='ltr'><em>Κύρνε,</em></span> <span class='ocrx_word' id='word_1_43' title='bbox 555 617 628 669; x_wconf 90' lang='lat' dir='ltr'><strong>qui</strong></span> <span class='ocrx_word' id='word_1_44' title='bbox 671 617 716 659; x_wconf 91' lang='lat' dir='ltr'><strong>in</strong></span> <span class='ocrx_word' id='word_1_45' title='bbox 761 620 827 659; x_wconf 88' lang='lat' dir='ltr'><strong>tot</strong></span> <span class='ocrx_word' id='word_1_46' title='bbox 865 617 1238 670; x_wconf 84' lang='lat' dir='ltr'><strong>Theognidearum</strong></span> <span class='ocrx_word' id='word_1_47' title='bbox 1282 617 1560 670; x_wconf 89' lang='lat' dir='ltr'><strong>reliquiarum</strong></span> <span class='ocrx_word' id='word_1_48' title='bbox 1603 616 1721 671; x_wconf 84' lang='lat' dir='ltr'><strong>frag-</strong></span> 
     </span>
     <span class='ocr_line' id='line_1_8' title="bbox 224 674 1721 730; baseline 0.001 -14"><span class='ocrx_word' id='word_1_49' title='bbox 224 674 379 717; x_wconf 77' lang='lat' dir='ltr'><strong>mentis</strong></span> <span class='ocrx_word' id='word_1_50' title='bbox 422 676 668 728; x_wconf 82' lang='lat' dir='ltr'><strong>invocatur,</strong></span> <span class='ocrx_word' id='word_1_51' title='bbox 714 681 843 729; x_wconf 87' lang='lat' dir='ltr'><strong>atque</strong></span> <span class='ocrx_word' id='word_1_52' title='bbox 887 676 967 718; x_wconf 91' lang='lat' dir='ltr'><strong>hoc</strong></span> <span class='ocrx_word' id='word_1_53' title='bbox 1009 676 1134 718; x_wconf 89' lang='lat' dir='ltr'><strong>modo</strong></span> <span class='ocrx_word' id='word_1_54' title='bbox 1180 676 1287 718; x_wconf 89' lang='lat' dir='ltr'><strong>satis</strong></span> <span class='ocrx_word' id='word_1_55' title='bbox 1333 688 1426 719; x_wconf 88' lang='lat' dir='ltr'><strong>esse</strong></span> <span class='ocrx_word' id='word_1_56' title='bbox 1463 676 1721 730; x_wconf 77' lang='lat' dir='ltr'><strong>explicatam</strong></span> 
     </span>
     <span class='ocr_line' id='line_1_9' title="bbox 223 734 1722 789; baseline 0.001 -13"><span class='ocrx_word' id='word_1_57' title='bbox 223 734 433 776; x_wconf 86' lang='lat' dir='ltr'><strong>existimo.</strong></span> <span class='ocrx_word' id='word_1_58' title='bbox 501 735 610 777; x_wconf 91' lang='lat' dir='ltr'><strong>Nam</strong></span> <span class='ocrx_word' id='word_1_59' title='bbox 654 748 730 788; x_wconf 88' lang='lat' dir='ltr'><strong>pro</strong></span> <span class='ocrx_word' id='word_1_60' title='bbox 776 738 893 777; x_wconf 87' lang='lat' dir='ltr'><strong>certo</strong></span> <span class='ocrx_word' id='word_1_61' title='bbox 937 734 1089 777; x_wconf 89' lang='lat' dir='ltr'><strong>haberi</strong></span> <span class='ocrx_word' id='word_1_62' title='bbox 1131 738 1276 788; x_wconf 90' lang='lat' dir='ltr'><strong>potest</strong></span> <span class='ocrx_word' id='word_1_63' title='bbox 1319 735 1593 789; x_wconf 84' lang='lat' dir='ltr'><strong>cogitandum</strong></span> <span class='ocrx_word' id='word_1_64' title='bbox 1637 747 1722 777; x_wconf 90' lang='lat' dir='ltr'><strong>non</strong></span> 
     </span>
     <span class='ocr_line' id='line_1_10' title="bbox 224 794 1722 849; baseline 0.001 -14"><span class='ocrx_word' id='word_1_65' title='bbox 224 806 318 835; x_wconf 86' lang='lat' dir='ltr'><strong>esse</strong></span> <span class='ocrx_word' id='word_1_66' title='bbox 346 794 398 836; x_wconf 89' lang='lat' dir='ltr'><strong>de</strong></span> <span class='ocrx_word' id='word_1_67' title='bbox 419 797 537 836; x_wconf 88' lang='lat' dir='ltr'><strong>certo</strong></span> <span class='ocrx_word' id='word_1_68' title='bbox 560 795 741 846; x_wconf 88' lang='lat' dir='ltr'><strong>quodam</strong></span> <span class='ocrx_word' id='word_1_69' title='bbox 767 806 913 847; x_wconf 86' lang='lat' dir='ltr'><strong>pucrO,</strong></span> <span class='ocrx_word' id='word_1_70' title='bbox 939 806 1115 846; x_wconf 91' lang='lat' dir='ltr'><strong>quocum</strong></span> <span class='ocrx_word' id='word_1_71' title='bbox 1142 798 1273 846; x_wconf 88' lang='lat' dir='ltr'><strong>poeta</strong></span> <span class='ocrx_word' id='word_1_72' title='bbox 1299 805 1443 836; x_wconf 87' lang='lat' dir='ltr'><strong>amore</strong></span> <span class='ocrx_word' id='word_1_73' title='bbox 1469 794 1722 849; x_wconf 83' lang='lat' dir='ltr'><strong>conjunctus</strong></span> 
     </span>
     <span class='ocr_line' id='line_1_11' title="bbox 226 852 1721 907; baseline 0.001 -13"><span class='ocrx_word' id='word_1_74' title='bbox 226 852 371 902; x_wconf 78' lang='lat' dir='ltr'><strong>fuerit,</strong></span> <span class='ocrx_word' id='word_1_75' title='bbox 405 853 479 895; x_wconf 87' lang='lat' dir='ltr'><strong>sed</strong></span> <span class='ocrx_word' id='word_1_76' title='bbox 510 853 637 894; x_wconf 88' lang='lat' dir='ltr'><strong>finxit</strong></span> <span class='ocrx_word' id='word_1_77' title='bbox 667 853 740 895; x_wconf 90' lang='lat' dir='ltr'><strong>ille</strong></span> <span class='ocrx_word' id='word_1_78' title='bbox 773 854 828 895; x_wconf 88' lang='lat' dir='ltr'><strong>ad</strong></span> <span class='ocrx_word' id='word_1_79' title='bbox 860 853 1097 906; x_wconf 87' lang='lat' dir='ltr'><strong>exemplum</strong></span> <span class='ocrx_word' id='word_1_80' title='bbox 1130 853 1262 907; x_wconf 84' lang='lat' dir='ltr'><strong>Cyrni</strong></span> <span class='ocrx_word' id='word_1_81' title='bbox 1293 865 1483 906; x_wconf 87' lang='lat' dir='ltr'><strong>puerum,</strong></span> <span class='ocrx_word' id='word_1_82' title='bbox 1514 856 1564 895; x_wconf 92' lang='lat' dir='ltr'><strong>ut</strong></span> <span class='ocrx_word' id='word_1_83' title='bbox 1593 853 1721 895; x_wconf 84' lang='lat' dir='ltr'><strong>habe-</strong></span> 
     </span>
     <span class='ocr_line' id='line_1_12' title="bbox 222 911 1720 966; baseline 0 -13"><span class='ocrx_word' id='word_1_84' title='bbox 222 915 302 961; x_wconf 88' lang='lat' dir='ltr'><strong>ret,</strong></span> <span class='ocrx_word' id='word_1_85' title='bbox 334 912 389 953; x_wconf 86' lang='lat' dir='ltr'><strong>ad</strong></span> <span class='ocrx_word' id='word_1_86' title='bbox 422 923 545 963; x_wconf 88' lang='lat' dir='ltr'><strong>quem</strong></span> <span class='ocrx_word' id='word_1_87' title='bbox 577 924 720 966; x_wconf 83' lang='lat' dir='ltr'><strong>nugae</strong></span> <span class='ocrx_word' id='word_1_88' title='bbox 749 913 861 954; x_wconf 89' lang='lat' dir='ltr'><strong>istae</strong></span> <span class='ocrx_word' id='word_1_89' title='bbox 895 912 1082 954; x_wconf 89' lang='lat' dir='ltr'><strong>eroticae</strong></span> <span class='ocrx_word' id='word_1_90' title='bbox 1115 912 1314 954; x_wconf 89' lang='lat' dir='ltr'><strong>conditae</strong></span> <span class='ocrx_word' id='word_1_91' title='bbox 1340 924 1434 954; x_wconf 89' lang='lat' dir='ltr'><strong>esse</strong></span> <span class='ocrx_word' id='word_1_92' title='bbox 1458 911 1720 956; x_wconf 82' lang='lat' dir='ltr'><strong>viderentur.</strong></span> 
     </span>
     <span class='ocr_line' id='line_1_13' title="bbox 223 968 1723 1024; baseline 0 -12"><span class='ocrx_word' id='word_1_93' title='bbox 223 970 473 1024; x_wconf 76' lang='lat' dir='ltr'><strong>Quicunque</strong></span> <span class='ocrx_word' id='word_1_94' title='bbox 500 983 663 1023; x_wconf 81' lang='lat' dir='ltr'><strong>versus,</strong></span> <span class='ocrx_word' id='word_1_95' title='bbox 695 983 971 1023; x_wconf 85' lang='lat' dir='ltr'><strong>quaecunque</strong></span> <span class='ocrx_word' id='word_1_96' title='bbox 997 970 1239 1013; x_wconf 87' lang='lat' dir='ltr'><strong>sententiae</strong></span> <span class='ocrx_word' id='word_1_97' title='bbox 1263 970 1527 1014; x_wconf 83' lang='lat' dir='ltr'><strong>formulaeve</strong></span> <span class='ocrx_word' id='word_1_98' title='bbox 1552 968 1723 1013; x_wconf 87' lang='lat' dir='ltr'><strong>dicendi</strong></span> 
     </span>
     <span class='ocr_line' id='line_1_14' title="bbox 223 1028 1722 1082; baseline 0.001 -12"><span class='ocrx_word' id='word_1_99' title='bbox 223 1028 323 1070; x_wconf 84' lang='lat' dir='ltr'><strong>libri</strong></span> <span class='ocrx_word' id='word_1_100' title='bbox 355 1029 512 1082; x_wconf 90' lang='lat' dir='ltr'><strong>prioris</strong></span> <span class='ocrx_word' id='word_1_101' title='bbox 550 1034 679 1082; x_wconf 85' lang='lat' dir='ltr'><strong>aptae</strong></span> <span class='ocrx_word' id='word_1_102' title='bbox 717 1030 755 1072; x_wconf 90' lang='lat' dir='ltr'><strong>ei</strong></span> <span class='ocrx_word' id='word_1_103' title='bbox 788 1043 881 1072; x_wconf 86' lang='lat' dir='ltr'><strong>esse</strong></span> <span class='ocrx_word' id='word_1_104' title='bbox 912 1029 1174 1073; x_wconf 77' lang='lat' dir='ltr'><strong>videbantur</strong></span> <span class='ocrx_word' id='word_1_105' title='bbox 1212 1029 1267 1072; x_wconf 89' lang='lat' dir='ltr'><strong>ad</strong></span> <span class='ocrx_word' id='word_1_106' title='bbox 1306 1042 1377 1072; x_wconf 87' lang='lat' dir='ltr'><strong>eos</strong></span> <span class='ocrx_word' id='word_1_107' title='bbox 1409 1041 1578 1081; x_wconf 86' lang='lat' dir='ltr'><strong>versus,</strong></span> <span class='ocrx_word' id='word_1_108' title='bbox 1615 1041 1722 1082; x_wconf 87' lang='lat' dir='ltr'><strong>quos</strong></span> 
     </span>
     <span class='ocr_line' id='line_1_15' title="bbox 225 1087 1722 1142; baseline 0 -13"><span class='ocrx_word' id='word_1_109' title='bbox 225 1088 407 1130; x_wconf 87' lang='lat' dir='ltr'><strong>condere</strong></span> <span class='ocrx_word' id='word_1_110' title='bbox 439 1088 484 1130; x_wconf 91' lang='lat' dir='ltr'><strong>in</strong></span> <span class='ocrx_word' id='word_1_111' title='bbox 516 1093 658 1131; x_wconf 88' lang='lat' dir='ltr'><strong>mente</strong></span> <span class='ocrx_word' id='word_1_112' title='bbox 689 1089 895 1139; x_wconf 87' lang='lat' dir='ltr'><strong>habebat,</strong></span> <span class='ocrx_word' id='word_1_113' title='bbox 933 1089 995 1130; x_wconf 85' lang='lat' dir='ltr'><strong>eis</strong></span> <span class='ocrx_word' id='word_1_114' title='bbox 1027 1101 1129 1131; x_wconf 89' lang='lat' dir='ltr'><strong>usus</strong></span> <span class='ocrx_word' id='word_1_115' title='bbox 1161 1092 1243 1138; x_wconf 86' lang='lat' dir='ltr'><strong>est,</strong></span> <span class='ocrx_word' id='word_1_116' title='bbox 1283 1089 1413 1131; x_wconf 89' lang='lat' dir='ltr'><strong>etiam</strong></span> <span class='ocrx_word' id='word_1_117' title='bbox 1449 1088 1624 1142; x_wconf 87' lang='lat' dir='ltr'><strong>integra</strong></span> <span class='ocrx_word' id='word_1_118' title='bbox 1661 1087 1722 1130; x_wconf 90' lang='lat' dir='ltr'><strong>di-</strong></span> 
     </span>
     <span class='ocr_line' id='line_1_16' title="bbox 227 1147 1723 1200; baseline 0 -12"><span class='ocrx_word' id='word_1_119' title='bbox 227 1147 367 1189; x_wconf 80' lang='lat' dir='ltr'><strong>sticha</strong></span> <span class='ocrx_word' id='word_1_120' title='bbox 393 1147 567 1200; x_wconf 78' lang='lat' dir='ltr'><strong>recepit,</strong></span> <span class='ocrx_word' id='word_1_121' title='bbox 601 1148 823 1190; x_wconf 88' lang='lat' dir='ltr'><strong>dummodo</strong></span> <span class='ocrx_word' id='word_1_122' title='bbox 852 1160 993 1189; x_wconf 91' lang='lat' dir='ltr'><strong>eorum</strong></span> <span class='ocrx_word' id='word_1_123' title='bbox 1022 1147 1263 1190; x_wconf 89' lang='lat' dir='ltr'><strong>sententiae</strong></span> <span class='ocrx_word' id='word_1_124' title='bbox 1288 1147 1333 1190; x_wconf 89' lang='lat' dir='ltr'><strong>vi</strong></span> <span class='ocrx_word' id='word_1_125' title='bbox 1359 1147 1522 1190; x_wconf 89' lang='lat' dir='ltr'><strong>erotica</strong></span> <span class='ocrx_word' id='word_1_126' title='bbox 1546 1149 1723 1200; x_wconf 87' lang='lat' dir='ltr'><strong>possent</strong></span> 
     </span>
     <span class='ocr_line' id='line_1_17' title="bbox 222 1205 1722 1260; baseline 0 -13"><span class='ocrx_word' id='word_1_127' title='bbox 222 1206 434 1260; x_wconf 83' lang='lat' dir='ltr'><strong>intellegi.</strong></span> <span class='ocrx_word' id='word_1_128' title='bbox 498 1206 581 1249; x_wconf 86' lang='lat' dir='ltr'><strong>Sed</strong></span> <span class='ocrx_word' id='word_1_129' title='bbox 620 1207 747 1249; x_wconf 86' lang='lat' dir='ltr'><strong>etiam</strong></span> <span class='ocrx_word' id='word_1_130' title='bbox 787 1219 963 1259; x_wconf 84' lang='lat' dir='ltr'><strong>poeseos</strong></span> <span class='ocrx_word' id='word_1_131' title='bbox 1002 1206 1149 1259; x_wconf 88' lang='lat' dir='ltr'><strong>epicae</strong></span> <span class='ocrx_word' id='word_1_132' title='bbox 1187 1211 1406 1248; x_wconf 82' lang='lat' dir='ltr'><strong>auctorem</strong></span> <span class='ocrx_word' id='word_1_133' title='bbox 1442 1205 1577 1248; x_wconf 85' lang='lat' dir='ltr'><strong>fuisse</strong></span> <span class='ocrx_word' id='word_1_134' title='bbox 1614 1205 1722 1248; x_wconf 87' lang='lat' dir='ltr'><strong>satis</strong></span> 
     </span>
     <span class='ocr_line' id='line_1_18' title="bbox 222 1265 1722 1318; baseline 0 -12"><span class='ocrx_word' id='word_1_135' title='bbox 222 1265 427 1317; x_wconf 88' lang='lat' dir='ltr'><strong>peritum,</strong></span> <span class='ocrx_word' id='word_1_136' title='bbox 473 1278 526 1307; x_wconf 85' lang='lat' dir='ltr'><strong>ex</strong></span> <span class='ocrx_word' id='word_1_137' title='bbox 565 1265 710 1307; x_wconf 85' lang='lat' dir='ltr'><strong>multis</strong></span> <span class='ocrx_word' id='word_1_138' title='bbox 748 1266 810 1308; x_wconf 87' lang='lat' dir='ltr'><strong>eis</strong></span> <span class='ocrx_word' id='word_1_139' title='bbox 847 1266 992 1315; x_wconf 89' lang='lat' dir='ltr'><strong>rebus,</strong></span> <span class='ocrx_word' id='word_1_140' title='bbox 1032 1278 1137 1317; x_wconf 90' lang='lat' dir='ltr'><strong>quas</strong></span> <span class='ocrx_word' id='word_1_141' title='bbox 1169 1265 1376 1318; x_wconf 88' lang='lat' dir='ltr'><strong>repetivit</strong></span> <span class='ocrx_word' id='word_1_142' title='bbox 1407 1265 1460 1307; x_wconf 92' lang='lat' dir='ltr'><strong>de</strong></span> <span class='ocrx_word' id='word_1_143' title='bbox 1497 1265 1584 1316; x_wconf 87' lang='lat' dir='ltr'><strong>illa,</strong></span> <span class='ocrx_word' id='word_1_144' title='bbox 1617 1276 1722 1316; x_wconf 88' lang='lat' dir='ltr'><strong>quas</strong></span> 
     </span>
     <span class='ocr_line' id='line_1_19' title="bbox 223 1323 1723 1377; baseline 0 -12"><span class='ocrx_word' id='word_1_145' title='bbox 223 1336 354 1377; x_wconf 84' lang='lat' dir='ltr'><strong>snpra</strong></span> <span class='ocrx_word' id='word_1_146' title='bbox 380 1324 686 1377; x_wconf 79' lang='lat' dir='ltr'><strong>congessimus,</strong></span> <span class='ocrx_word' id='word_1_147' title='bbox 712 1328 902 1377; x_wconf 84' lang='lat' dir='ltr'><strong>apparet.</strong></span> <span class='ocrx_word' id='word_1_148' title='bbox 955 1324 1135 1366; x_wconf 90' lang='lat' dir='ltr'><strong>Omnino</strong></span> <span class='ocrx_word' id='word_1_149' title='bbox 1163 1324 1336 1367; x_wconf 87' lang='lat' dir='ltr'><strong>videtur</strong></span> <span class='ocrx_word' id='word_1_150' title='bbox 1363 1323 1435 1366; x_wconf 87' lang='lat' dir='ltr'><strong>diu</strong></span> <span class='ocrx_word' id='word_1_151' title='bbox 1459 1324 1723 1376; x_wconf 85' lang='lat' dir='ltr'><strong>multumque</strong></span> 
     </span>
     <span class='ocr_line' id='line_1_20' title="bbox 223 1383 1722 1436; baseline -0.001 -10"><span class='ocrx_word' id='word_1_152' title='bbox 223 1390 422 1426; x_wconf 72' lang='lat' dir='ltr'><strong>versatus</strong></span> <span class='ocrx_word' id='word_1_153' title='bbox 467 1396 560 1426; x_wconf 86' lang='lat' dir='ltr'><strong>esse</strong></span> <span class='ocrx_word' id='word_1_154' title='bbox 604 1383 648 1425; x_wconf 92' lang='lat' dir='ltr'><strong>in</strong></span> <span class='ocrx_word' id='word_1_155' title='bbox 695 1383 954 1425; x_wconf 88' lang='lat' dir='ltr'><strong>carminibus</strong></span> <span class='ocrx_word' id='word_1_156' title='bbox 998 1383 1286 1435; x_wconf 84' lang='lat' dir='ltr'><strong>antiquiorum</strong></span> <span class='ocrx_word' id='word_1_157' title='bbox 1330 1386 1555 1436; x_wconf 88' lang='lat' dir='ltr'><strong>poetarum</strong></span> <span class='ocrx_word' id='word_1_158' title='bbox 1592 1385 1722 1434; x_wconf 88' lang='lat' dir='ltr'><strong>atque</strong></span> 
     </span>
     <span class='ocr_line' id='line_1_21' title="bbox 222 1441 1722 1496; baseline 0 -13"><span class='ocrx_word' id='word_1_159' title='bbox 222 1442 405 1484; x_wconf 79' lang='lat' dir='ltr'><strong>maxime</strong></span> <span class='ocrx_word' id='word_1_160' title='bbox 450 1442 617 1494; x_wconf 89' lang='lat' dir='ltr'><strong>quidem</strong></span> <span class='ocrx_word' id='word_1_161' title='bbox 663 1442 967 1496; x_wconf 87' lang='lat' dir='ltr'><strong>elegiacorum,</strong></span> <span class='ocrx_word' id='word_1_162' title='bbox 1018 1442 1199 1494; x_wconf 87' lang='lat' dir='ltr'><strong>ideoque</strong></span> <span class='ocrx_word' id='word_1_163' title='bbox 1242 1441 1401 1495; x_wconf 89' lang='lat' dir='ltr'><strong>optime</strong></span> <span class='ocrx_word' id='word_1_164' title='bbox 1445 1453 1497 1484; x_wconf 88' lang='lat' dir='ltr'><strong>ea</strong></span> <span class='ocrx_word' id='word_1_165' title='bbox 1538 1441 1722 1484; x_wconf 87' lang='lat' dir='ltr'><strong>novisse.</strong></span> 
     </span>
     <span class='ocr_line' id='line_1_22' title="bbox 224 1499 1718 1555; baseline -0.001 -12"><span class='ocrx_word' id='word_1_166' title='bbox 224 1500 293 1543; x_wconf 76' lang='lat' dir='ltr'><strong>Sic</strong></span> <span class='ocrx_word' id='word_1_167' title='bbox 332 1501 376 1542; x_wconf 88' lang='lat' dir='ltr'><strong>id</strong></span> <span class='ocrx_word' id='word_1_168' title='bbox 415 1514 580 1553; x_wconf 90' lang='lat' dir='ltr'><strong>quoque</strong></span> <span class='ocrx_word' id='word_1_169' title='bbox 619 1502 826 1554; x_wconf 87' lang='lat' dir='ltr'><strong>explicari</strong></span> <span class='ocrx_word' id='word_1_170' title='bbox 865 1505 1025 1555; x_wconf 85' lang='lat' dir='ltr'><strong>potest,</strong></span> <span class='ocrx_word' id='word_1_171' title='bbox 1065 1501 1271 1554; x_wconf 91' lang='lat' dir='ltr'><strong>quomodo</strong></span> <span class='ocrx_word' id='word_1_172' title='bbox 1305 1500 1519 1543; x_wconf 87' lang='lat' dir='ltr'><strong>distichon</strong></span> <span class='ocrx_word' id='word_1_173' title='bbox 1550 1499 1718 1542; x_wconf 86' lang='lat' dir='ltr'><strong>Solonis</strong></span> 
     </span>
     <span class='ocr_line' id='line_1_23' title="bbox 224 1560 1718 1614; baseline -0.001 -12"><span class='ocrx_word' id='word_1_174' title='bbox 224 1560 271 1602; x_wconf 90' lang='lat' dir='ltr'><strong>in</strong></span> <span class='ocrx_word' id='word_1_175' title='bbox 310 1560 604 1603; x_wconf 87' lang='lat' dir='ltr'><strong>collectionem</strong></span> <span class='ocrx_word' id='word_1_176' title='bbox 642 1560 886 1614; x_wconf 83' lang='lat' dir='ltr'><strong>irrepserit3</strong></span> <span class='ocrx_word' id='word_1_177' title='bbox 925 1564 1075 1602; x_wconf 85' lang='lat' dir='ltr'><strong>auctor</strong></span> <span class='ocrx_word' id='word_1_178' title='bbox 1112 1560 1364 1603; x_wconf 87' lang='lat' dir='ltr'><strong>recordatus</strong></span> <span class='ocrx_word' id='word_1_179' title='bbox 1395 1563 1463 1602; x_wconf 89' lang='lat' dir='ltr'><strong>est</strong></span> <span class='ocrx_word' id='word_1_180' title='bbox 1493 1562 1623 1611; x_wconf 87' lang='lat' dir='ltr'><strong>atque</strong></span> <span class='ocrx_word' id='word_1_181' title='bbox 1652 1571 1718 1601; x_wconf 87' lang='lat' dir='ltr'><strong>re-</strong></span> 
     </span>
     <span class='ocr_line' id='line_1_24' title="bbox 224 1617 1719 1672; baseline -0.001 -12"><span class='ocrx_word' id='word_1_182' title='bbox 224 1619 338 1671; x_wconf 83' lang='lat' dir='ltr'><strong>cepit</strong></span> <span class='ocrx_word' id='word_1_183' title='bbox 371 1622 414 1661; x_wconf 87' lang='lat' dir='ltr'><strong>et</strong></span> <span class='ocrx_word' id='word_1_184' title='bbox 446 1619 599 1661; x_wconf 86' lang='lat' dir='ltr'><strong>deinde</strong></span> <span class='ocrx_word' id='word_1_185' title='bbox 631 1620 793 1672; x_wconf 88' lang='lat' dir='ltr'><strong>pluries</strong></span> <span class='ocrx_word' id='word_1_186' title='bbox 827 1632 873 1661; x_wconf 87' lang='lat' dir='ltr'><strong>eo</strong></span> <span class='ocrx_word' id='word_1_187' title='bbox 907 1619 961 1661; x_wconf 89' lang='lat' dir='ltr'><strong>ad</strong></span> <span class='ocrx_word' id='word_1_188' title='bbox 994 1619 1249 1662; x_wconf 81' lang='lat' dir='ltr'><strong>variandum</strong></span> <span class='ocrx_word' id='word_1_189' title='bbox 1282 1631 1384 1661; x_wconf 86' lang='lat' dir='ltr'><strong>usus</strong></span> <span class='ocrx_word' id='word_1_190' title='bbox 1416 1621 1494 1661; x_wconf 90' lang='lat' dir='ltr'><strong>est.</strong></span> <span class='ocrx_word' id='word_1_191' title='bbox 1555 1617 1719 1660; x_wconf 87' lang='lat' dir='ltr'><strong>Eodem</strong></span> 
     </span>
     <span class='ocr_line' id='line_1_25' title="bbox 222 1677 1720 1731; baseline -0.001 -12"><span class='ocrx_word' id='word_1_192' title='bbox 222 1678 344 1719; x_wconf 88' lang='lat' dir='ltr'><strong>modo</strong></span> <span class='ocrx_word' id='word_1_193' title='bbox 390 1678 773 1731; x_wconf 83' lang='lat' dir='ltr'><strong>comparationum,</strong></span> <span class='ocrx_word' id='word_1_194' title='bbox 819 1691 927 1730; x_wconf 90' lang='lat' dir='ltr'><strong>quae</strong></span> <span class='ocrx_word' id='word_1_195' title='bbox 972 1678 1245 1720; x_wconf 88' lang='lat' dir='ltr'><strong>continentur</strong></span> <span class='ocrx_word' id='word_1_196' title='bbox 1287 1691 1358 1721; x_wconf 82' lang='lat' dir='ltr'><strong>vv.</strong></span> <span class='ocrx_word' id='word_1_197' title='bbox 1399 1677 1630 1719; x_wconf 79' lang='lat'>1283—94</span> <span class='ocrx_word' id='word_1_198' title='bbox 1676 1680 1720 1718; x_wconf 89' lang='lat' dir='ltr'><strong>et</strong></span> 
     </span>
     <span class='ocr_line' id='line_1_26' title="bbox 226 1735 1719 1790; baseline 0 -13"><span class='ocrx_word' id='word_1_199' title='bbox 226 1737 440 1787; x_wconf 75' lang='lat'>1345—8‚</span> <span class='ocrx_word' id='word_1_200' title='bbox 474 1741 672 1779; x_wconf 83' lang='lat' dir='ltr'><strong>auctores</strong></span> <span class='ocrx_word' id='word_1_201' title='bbox 698 1737 873 1790; x_wconf 77' lang='lat' dir='ltr'><strong>genuini</strong></span> <span class='ocrx_word' id='word_1_202' title='bbox 899 1741 1081 1790; x_wconf 89' lang='lat' dir='ltr'><strong>possunt</strong></span> <span class='ocrx_word' id='word_1_203' title='bbox 1105 1737 1239 1779; x_wconf 86' lang='lat' dir='ltr'><strong>fuisse</strong></span> <span class='ocrx_word' id='word_1_204' title='bbox 1264 1740 1417 1789; x_wconf 89' lang='lat' dir='ltr'><strong>poetae</strong></span> <span class='ocrx_word' id='word_1_205' title='bbox 1443 1735 1719 1788; x_wconf 86' lang='lat' dir='ltr'><strong>antiquiores,</strong></span> 
     </span>
     <span class='ocr_line' id='line_1_27' title="bbox 226 1794 1720 1849; baseline -0.001 -12"><span class='ocrx_word' id='word_1_206' title='bbox 226 1796 504 1838; x_wconf 88' lang='lat' dir='ltr'><strong>Mimnermus</strong></span> <span class='ocrx_word' id='word_1_207' title='bbox 531 1796 735 1845; x_wconf 76' lang='lat' dir='ltr'><strong>fortasse;</strong></span> <span class='ocrx_word' id='word_1_208' title='bbox 767 1810 863 1838; x_wconf 89' lang='lat' dir='ltr'><strong>nam</strong></span> <span class='ocrx_word' id='word_1_209' title='bbox 891 1809 939 1838; x_wconf 85' lang='lat' dir='ltr'><strong>ex</strong></span> <span class='ocrx_word' id='word_1_210' title='bbox 967 1809 1014 1837; x_wconf 93' lang='lat' dir='ltr'><strong>eo</strong></span> <span class='ocrx_word' id='word_1_211' title='bbox 1041 1797 1175 1847; x_wconf 89' lang='lat' dir='ltr'><strong>modo,</strong></span> <span class='ocrx_word' id='word_1_212' title='bbox 1203 1808 1283 1848; x_wconf 90' lang='lat' dir='ltr'><strong>quo</strong></span> <span class='ocrx_word' id='word_1_213' title='bbox 1305 1794 1593 1849; x_wconf 82' lang='lat' dir='ltr'><strong>Theognideis</strong></span> <span class='ocrx_word' id='word_1_214' title='bbox 1617 1806 1720 1837; x_wconf 90' lang='lat' dir='ltr'><strong>usus</strong></span> 
     </span>
     <span class='ocr_line' id='line_1_28' title="bbox 228 1853 1719 1908; baseline -0.001 -12"><span class='ocrx_word' id='word_1_215' title='bbox 228 1860 292 1896; x_wconf 82' lang='lat' dir='ltr'><strong>est</strong></span> <span class='ocrx_word' id='word_1_216' title='bbox 326 1858 476 1896; x_wconf 85' lang='lat' dir='ltr'><strong>auctor</strong></span> <span class='ocrx_word' id='word_1_217' title='bbox 508 1855 770 1908; x_wconf 74' lang='lat' dir='ltr'><strong>appendiciS,</strong></span> <span class='ocrx_word' id='word_1_218' title='bbox 802 1862 919 1897; x_wconf 90' lang='lat' dir='ltr'><strong>recte</strong></span> <span class='ocrx_word' id='word_1_219' title='bbox 951 1855 1123 1897; x_wconf 75' lang='lat' dir='ltr'><strong>videtur</strong></span> <span class='ocrx_word' id='word_1_220' title='bbox 1156 1854 1351 1896; x_wconf 90' lang='lat' dir='ltr'><strong>concludi</strong></span> <span class='ocrx_word' id='word_1_221' title='bbox 1381 1866 1507 1907; x_wconf 89' lang='lat' dir='ltr'><strong>posse</strong></span> <span class='ocrx_word' id='word_1_222' title='bbox 1538 1853 1719 1896; x_wconf 91' lang='lat' dir='ltr'><strong>aliorum</strong></span> 
     </span>
     <span class='ocr_line' id='line_1_29' title="bbox 225 1911 1721 1966; baseline -0.001 -11"><span class='ocrx_word' id='word_1_223' title='bbox 225 1917 446 1966; x_wconf 87' lang='lat' dir='ltr'><strong>poetarum</strong></span> <span class='ocrx_word' id='word_1_224' title='bbox 478 1926 632 1956; x_wconf 84' lang='lat' dir='ltr'><strong>versus</strong></span> <span class='ocrx_word' id='word_1_225' title='bbox 664 1914 988 1965; x_wconf 87' lang='lat' dir='ltr'><strong>sententiasque</strong></span> <span class='ocrx_word' id='word_1_226' title='bbox 1027 1926 1119 1955; x_wconf 87' lang='lat' dir='ltr'><strong>eum</strong></span> <span class='ocrx_word' id='word_1_227' title='bbox 1159 1913 1287 1955; x_wconf 91' lang='lat' dir='ltr'><strong>simili</strong></span> <span class='ocrx_word' id='word_1_228' title='bbox 1322 1911 1492 1955; x_wconf 91' lang='lat' dir='ltr'><strong>ratione</strong></span> <span class='ocrx_word' id='word_1_229' title='bbox 1522 1912 1567 1953; x_wconf 89' lang='lat' dir='ltr'><strong>in</strong></span> <span class='ocrx_word' id='word_1_230' title='bbox 1600 1913 1721 1954; x_wconf 81' lang='lat' dir='ltr'><strong>suam</strong></span> 
     </span>
     <span class='ocr_line' id='line_1_30' title="bbox 221 1971 1720 2026; baseline -0.001 -12"><span class='ocrx_word' id='word_1_231' title='bbox 221 1985 311 2014; x_wconf 89' lang='lat' dir='ltr'><strong>rem</strong></span> <span class='ocrx_word' id='word_1_232' title='bbox 338 1972 613 2015; x_wconf 85' lang='lat' dir='ltr'><strong>convertisse.</strong></span> <span class='ocrx_word' id='word_1_233' title='bbox 653 1973 747 2026; x_wconf 81' lang='lat' dir='ltr'><strong>Qua</strong></span> <span class='ocrx_word' id='word_1_234' title='bbox 772 1973 825 2015; x_wconf 92' lang='lat' dir='ltr'><strong>de</strong></span> <span class='ocrx_word' id='word_1_235' title='bbox 851 1985 982 2014; x_wconf 88' lang='lat' dir='ltr'><strong>causa</strong></span> <span class='ocrx_word' id='word_1_236' title='bbox 1007 1976 1184 2025; x_wconf 85' lang='lat' dir='ltr'><strong>propter</strong></span> <span class='ocrx_word' id='word_1_237' title='bbox 1198 1971 1400 2024; x_wconf 88' lang='lat' dir='ltr'><strong>Apolonii</strong></span> <span class='ocrx_word' id='word_1_238' title='bbox 1423 1971 1544 2014; x_wconf 92' lang='lat' dir='ltr'><strong>illum</strong></span> <span class='ocrx_word' id='word_1_239' title='bbox 1569 1971 1720 2022; x_wconf 89' lang='lat' dir='ltr'><strong>locum,</strong></span> 
     </span>
     <span class='ocr_line' id='line_1_31' title="bbox 221 2029 1717 2084; baseline -0.001 -11"><span class='ocrx_word' id='word_1_240' title='bbox 221 2044 344 2082; x_wconf 89' lang='lat' dir='ltr'><strong>quem</strong></span> <span class='ocrx_word' id='word_1_241' title='bbox 371 2043 502 2084; x_wconf 90' lang='lat' dir='ltr'><strong>supra</strong></span> <span class='ocrx_word' id='word_1_242' title='bbox 528 2031 670 2083; x_wconf 86' lang='lat' dir='ltr'><strong>attuli,</strong></span> <span class='ocrx_word' id='word_1_243' title='bbox 695 2031 902 2084; x_wconf 89' lang='lat' dir='ltr'><strong>imprimis</strong></span> <span class='ocrx_word' id='word_1_244' title='bbox 928 2031 974 2073; x_wconf 92' lang='lat' dir='ltr'><strong>in</strong></span> <span class='ocrx_word' id='word_1_245' title='bbox 1001 2031 1189 2073; x_wconf 90' lang='lat' dir='ltr'><strong>carmine</strong></span> <span class='ocrx_word' id='word_1_246' title='bbox 1207 2030 1343 2083; x_wconf 89' lang='lat' dir='ltr'><strong>primo</strong></span> <span class='ocrx_word' id='word_1_247' title='bbox 1370 2029 1539 2072; x_wconf 88' lang='lat' dir='ltr'><strong>auctori</strong></span> <span class='ocrx_word' id='word_1_248' title='bbox 1564 2041 1717 2083; x_wconf 87' lang='lat' dir='ltr'><strong>appen-</strong></span> 
     </span>
     <span class='ocr_line' id='line_1_32' title="bbox 222 2089 1720 2143; baseline -0.001 -12"><span class='ocrx_word' id='word_1_249' title='bbox 222 2090 329 2131; x_wconf 86' lang='lat' dir='ltr'><strong>dicis</strong></span> <span class='ocrx_word' id='word_1_250' title='bbox 361 2091 554 2143; x_wconf 89' lang='lat' dir='ltr'><strong>exemplo</strong></span> <span class='ocrx_word' id='word_1_251' title='bbox 586 2089 720 2133; x_wconf 87' lang='lat' dir='ltr'><strong>fuisse</strong></span> <span class='ocrx_word' id='word_1_252' title='bbox 746 2095 849 2143; x_wconf 87' lang='lat' dir='ltr'><strong>puto</strong></span> <span class='ocrx_word' id='word_1_253' title='bbox 876 2094 1028 2143; x_wconf 87' lang='lat' dir='ltr'><strong>poetae</strong></span> <span class='ocrx_word' id='word_1_254' title='bbox 1054 2089 1310 2141; x_wconf 86' lang='lat' dir='ltr'><strong>antiquioris</strong></span> <span class='ocrx_word' id='word_1_255' title='bbox 1335 2101 1486 2132; x_wconf 87' lang='lat' dir='ltr'><strong>versus</strong></span> <span class='ocrx_word' id='word_1_256' title='bbox 1513 2089 1720 2141; x_wconf 89' lang='lat' dir='ltr'><strong>quosdam</strong></span> 
     </span>
     <span class='ocr_line' id='line_1_33' title="bbox 222 2147 1720 2202; baseline -0.001 -12"><span class='ocrx_word' id='word_1_257' title='bbox 222 2148 468 2200; x_wconf 89' lang='lat' dir='ltr'><strong>simillimos,</strong></span> <span class='ocrx_word' id='word_1_258' title='bbox 494 2149 735 2191; x_wconf 87' lang='lat' dir='ltr'><strong>Mimnermi</strong></span> <span class='ocrx_word' id='word_1_259' title='bbox 761 2149 958 2200; x_wconf 87' lang='lat' dir='ltr'><strong>fortasse,</strong></span> <span class='ocrx_word' id='word_1_260' title='bbox 991 2162 1095 2201; x_wconf 89' lang='lat' dir='ltr'><strong>quos</strong></span> <span class='ocrx_word' id='word_1_261' title='bbox 1122 2148 1250 2191; x_wconf 90' lang='lat' dir='ltr'><strong>etiam</strong></span> <span class='ocrx_word' id='word_1_262' title='bbox 1277 2147 1531 2202; x_wconf 87' lang='lat' dir='ltr'><strong>Apollonius</strong></span> <span class='ocrx_word' id='word_1_263' title='bbox 1556 2147 1601 2190; x_wconf 89' lang='lat' dir='ltr'><strong>in</strong></span> <span class='ocrx_word' id='word_1_264' title='bbox 1625 2159 1720 2190; x_wconf 87' lang='lat' dir='ltr'><strong>ver·</strong></span> 
     </span>
     <span class='ocr_line' id='line_1_34' title="bbox 223 2206 1720 2258; baseline -0.001 -9"><span class='ocrx_word' id='word_1_265' title='bbox 223 2208 341 2250; x_wconf 87' lang='lat' dir='ltr'><strong>sibus</strong></span> <span class='ocrx_word' id='word_1_266' title='bbox 363 2208 452 2250; x_wconf 88' lang='lat' dir='ltr'><strong>suis</strong></span> <span class='ocrx_word' id='word_1_267' title='bbox 472 2208 705 2250; x_wconf 86' lang='lat' dir='ltr'><strong>condendis</strong></span> <span class='ocrx_word' id='word_1_268' title='bbox 725 2208 770 2250; x_wconf 88' lang='lat' dir='ltr'><strong>in</strong></span> <span class='ocrx_word' id='word_1_269' title='bbox 789 2212 930 2250; x_wconf 83' lang='lat' dir='ltr'><strong>mente</strong></span> <span class='ocrx_word' id='word_1_270' title='bbox 950 2207 1161 2250; x_wconf 87' lang='lat' dir='ltr'><strong>habuerit.</strong></span> <span class='ocrx_word' id='word_1_271' title='bbox 1195 2207 1307 2249; x_wconf 84' lang='lat' dir='ltr'><strong>Sane</strong></span> <span class='ocrx_word' id='word_1_272' title='bbox 1323 2220 1376 2249; x_wconf 93' lang='lat' dir='ltr'><strong>ex</strong></span> <span class='ocrx_word' id='word_1_273' title='bbox 1390 2206 1594 2256; x_wconf 83' lang='lat' dir='ltr'><strong>omnibus,</strong></span> <span class='ocrx_word' id='word_1_274' title='bbox 1615 2218 1720 2258; x_wconf 88' lang='lat' dir='ltr'><strong>quas</strong></span> 
     </span>
     <span class='ocr_line' id='line_1_35' title="bbox 223 2264 1720 2320; baseline -0.001 -13"><span class='ocrx_word' id='word_1_275' title='bbox 223 2266 362 2308; x_wconf 90' lang='lat' dir='ltr'><strong>adhuc</strong></span> <span class='ocrx_word' id='word_1_276' title='bbox 384 2267 575 2320; x_wconf 89' lang='lat' dir='ltr'><strong>exposui,</strong></span> <span class='ocrx_word' id='word_1_277' title='bbox 601 2268 728 2309; x_wconf 91' lang='lat' dir='ltr'><strong>rebus</strong></span> <span class='ocrx_word' id='word_1_278' title='bbox 748 2271 878 2319; x_wconf 89' lang='lat' dir='ltr'><strong>atque</strong></span> <span class='ocrx_word' id='word_1_279' title='bbox 904 2270 1005 2309; x_wconf 89' lang='lat' dir='ltr'><strong>ante</strong></span> <span class='ocrx_word' id='word_1_280' title='bbox 1031 2266 1171 2308; x_wconf 91' lang='lat' dir='ltr'><strong>omnia</strong></span> <span class='ocrx_word' id='word_1_281' title='bbox 1197 2279 1247 2308; x_wconf 89' lang='lat' dir='ltr'><strong>ea</strong></span> <span class='ocrx_word' id='word_1_282' title='bbox 1273 2279 1327 2308; x_wconf 87' lang='lat' dir='ltr'><strong>ex</strong></span> <span class='ocrx_word' id='word_1_283' title='bbox 1352 2278 1411 2317; x_wconf 90' lang='lat' dir='ltr'><strong>re,</strong></span> <span class='ocrx_word' id='word_1_284' title='bbox 1437 2265 1549 2318; x_wconf 90' lang='lat' dir='ltr'><strong>quod</strong></span> <span class='ocrx_word' id='word_1_285' title='bbox 1574 2264 1720 2307; x_wconf 91' lang='lat' dir='ltr'><strong>multis</strong></span> 
     </span>
     <span class='ocr_line' id='line_1_36' title="bbox 222 2322 1721 2379; baseline -0.001 -13"><span class='ocrx_word' id='word_1_286' title='bbox 222 2325 323 2367; x_wconf 89' lang='lat' dir='ltr'><strong>libri</strong></span> <span class='ocrx_word' id='word_1_287' title='bbox 342 2325 499 2378; x_wconf 87' lang='lat' dir='ltr'><strong>prioris</strong></span> <span class='ocrx_word' id='word_1_288' title='bbox 519 2325 775 2379; x_wconf 87' lang='lat' dir='ltr'><strong>fragmentis</strong></span> <span class='ocrx_word' id='word_1_289' title='bbox 795 2326 1007 2368; x_wconf 86' lang='lat' dir='ltr'><strong>adductus</strong></span> <span class='ocrx_word' id='word_1_290' title='bbox 1029 2329 1095 2368; x_wconf 91' lang='lat' dir='ltr'><strong>est</strong></span> <span class='ocrx_word' id='word_1_291' title='bbox 1114 2328 1266 2367; x_wconf 85' lang='lat' dir='ltr'><strong>auctor</strong></span> <span class='ocrx_word' id='word_1_292' title='bbox 1285 2325 1339 2367; x_wconf 89' lang='lat' dir='ltr'><strong>ad</strong></span> <span class='ocrx_word' id='word_1_293' title='bbox 1354 2323 1544 2367; x_wconf 88' lang='lat' dir='ltr'><strong>carmina</strong></span> <span class='ocrx_word' id='word_1_294' title='bbox 1558 2322 1721 2366; x_wconf 89' lang='lat' dir='ltr'><strong>erotica</strong></span> 
     </span>
     <span class='ocr_line' id='line_1_37' title="bbox 222 2381 1720 2438; baseline -0.001 -13"><span class='ocrx_word' id='word_1_295' title='bbox 222 2384 432 2435; x_wconf 81' lang='lat' dir='ltr'><strong>facienda,</strong></span> <span class='ocrx_word' id='word_1_296' title='bbox 464 2385 640 2438; x_wconf 85' lang='lat' dir='ltr'><strong>ipseque</strong></span> <span class='ocrx_word' id='word_1_297' title='bbox 671 2398 815 2427; x_wconf 88' lang='lat' dir='ltr'><strong>eorum</strong></span> <span class='ocrx_word' id='word_1_298' title='bbox 843 2385 1078 2427; x_wconf 89' lang='lat' dir='ltr'><strong>carminum</strong></span> <span class='ocrx_word' id='word_1_299' title='bbox 1105 2384 1398 2426; x_wconf 88' lang='lat' dir='ltr'><strong>collectionem</strong></span> <span class='ocrx_word' id='word_1_300' title='bbox 1430 2381 1720 2436; x_wconf 84' lang='lat' dir='ltr'><strong>Theognideis</strong></span> 
     </span>
     <span class='ocr_line' id='line_1_38' title="bbox 227 2441 1721 2496; baseline -0.001 -12"><span class='ocrx_word' id='word_1_301' title='bbox 227 2443 457 2496; x_wconf 82' lang='lat' dir='ltr'><strong>subjunxit,</strong></span> <span class='ocrx_word' id='word_1_302' title='bbox 498 2443 719 2485; x_wconf 89' lang='lat' dir='ltr'><strong>consilium</strong></span> <span class='ocrx_word' id='word_1_303' title='bbox 758 2444 966 2495; x_wconf 88' lang='lat' dir='ltr'><strong>quoddam</strong></span> <span class='ocrx_word' id='word_1_304' title='bbox 1006 2443 1252 2496; x_wconf 86' lang='lat' dir='ltr'><strong>parodicum</strong></span> <span class='ocrx_word' id='word_1_305' title='bbox 1296 2441 1590 2495; x_wconf 88' lang='lat' dir='ltr'><strong>accipiendum</strong></span> <span class='ocrx_word' id='word_1_306' title='bbox 1627 2452 1721 2484; x_wconf 87' lang='lat' dir='ltr'><strong>esse</strong></span> 
     </span>
     <span class='ocr_line' id='line_1_39' title="bbox 224 2500 1722 2556; baseline -0.001 -13"><span class='ocrx_word' id='word_1_307' title='bbox 224 2505 418 2554; x_wconf 90' lang='lat' dir='ltr'><strong>apparet,</strong></span> <span class='ocrx_word' id='word_1_308' title='bbox 440 2503 550 2554; x_wconf 90' lang='lat' dir='ltr'><strong>quod</strong></span> <span class='ocrx_word' id='word_1_309' title='bbox 562 2506 708 2544; x_wconf 91' lang='lat' dir='ltr'><strong>tamen</strong></span> <span class='ocrx_word' id='word_1_310' title='bbox 720 2502 881 2545; x_wconf 92' lang='lat' dir='ltr'><strong>nonita</strong></span> <span class='ocrx_word' id='word_1_311' title='bbox 893 2502 1089 2556; x_wconf 87' lang='lat' dir='ltr'><strong>intellegi</strong></span> <span class='ocrx_word' id='word_1_312' title='bbox 1100 2502 1209 2553; x_wconf 84' lang='lat' dir='ltr'><strong>volo,</strong></span> <span class='ocrx_word' id='word_1_313' title='bbox 1224 2500 1358 2553; x_wconf 89' lang='lat' dir='ltr'><strong>quasi,</strong></span> <span class='ocrx_word' id='word_1_314' title='bbox 1372 2500 1722 2553; x_wconf 87' lang='lat' dir='ltr'><strong>quemadmodum</strong></span> 
     </span>
     <span class='ocr_line' id='line_1_40' title="bbox 223 2557 1720 2614; baseline -0.003 -11"><span class='ocrx_word' id='word_1_315' title='bbox 223 2573 309 2603; x_wconf 85' lang='lat' dir='ltr'><strong>Van</strong></span> <span class='ocrx_word' id='word_1_316' title='bbox 330 2561 406 2602; x_wconf 89' lang='lat' dir='ltr'><strong>der</strong></span> <span class='ocrx_word' id='word_1_317' title='bbox 426 2561 537 2613; x_wconf 79' lang='lat' dir='ltr'><strong>Mey.</strong></span> <span class='ocrx_word' id='word_1_318' title='bbox 563 2561 679 2611; x_wconf 81' lang='lat' dir='ltr'><strong>fecit,</strong></span> <span class='ocrx_word' id='word_1_319' title='bbox 705 2574 833 2603; x_wconf 92' lang='lat' dir='ltr'><strong>unum</strong></span> <span class='ocrx_word' id='word_1_320' title='bbox 854 2562 1048 2613; x_wconf 89' lang='lat' dir='ltr'><strong>quodque</strong></span> <span class='ocrx_word' id='word_1_321' title='bbox 1069 2560 1317 2614; x_wconf 88' lang='lat' dir='ltr'><strong>appendicis</strong></span> <span class='ocrx_word' id='word_1_322' title='bbox 1344 2572 1516 2602; x_wconf 88' lang='lat' dir='ltr'><strong>carmen</strong></span> <span class='ocrx_word' id='word_1_323' title='bbox 1540 2557 1720 2612; x_wconf 87' lang='lat' dir='ltr'><strong>parodia</strong></span> 
     </span>
     <span class='ocr_line' id='line_1_41' title="bbox 225 2617 1721 2674; baseline -0.001 -15"><span class='ocrx_word' id='word_1_324' title='bbox 225 2618 281 2660; x_wconf 89' lang='lat' dir='ltr'><strong>sit</strong></span> <span class='ocrx_word' id='word_1_325' title='bbox 302 2620 411 2661; x_wconf 86' lang='lat' dir='ltr'><strong>certi</strong></span> <span class='ocrx_word' id='word_1_326' title='bbox 432 2620 653 2674; x_wconf 77' lang='lat' dir='ltr'><strong>cujiisdam</strong></span> <span class='ocrx_word' id='word_1_327' title='bbox 671 2620 772 2662; x_wconf 88' lang='lat' dir='ltr'><strong>libri</strong></span> <span class='ocrx_word' id='word_1_328' title='bbox 791 2619 948 2673; x_wconf 90' lang='lat' dir='ltr'><strong>prioris</strong></span> <span class='ocrx_word' id='word_1_329' title='bbox 973 2618 1217 2673; x_wconf 84' lang='lat' dir='ltr'><strong>fragmenti.</strong></span> <span class='ocrx_word' id='word_1_330' title='bbox 1263 2617 1347 2661; x_wconf 88' lang='lat' dir='ltr'><strong>Sed</strong></span> <span class='ocrx_word' id='word_1_331' title='bbox 1372 2618 1516 2672; x_wconf 88' lang='lat' dir='ltr'><strong>potius</strong></span> <span class='ocrx_word' id='word_1_332' title='bbox 1540 2617 1605 2659; x_wconf 92' lang='lat' dir='ltr'><strong>ita</strong></span> <span class='ocrx_word' id='word_1_333' title='bbox 1629 2617 1721 2659; x_wconf 84' lang='lat' dir='ltr'><strong>fere</strong></span> 
     </span>
     <span class='ocr_line' id='line_1_42' title="bbox 226 2678 1720 2731; baseline -0.001 -12"><span class='ocrx_word' id='word_1_334' title='bbox 226 2682 378 2720; x_wconf 86' lang='lat' dir='ltr'><strong>exorta</strong></span> <span class='ocrx_word' id='word_1_335' title='bbox 404 2691 497 2720; x_wconf 86' lang='lat' dir='ltr'><strong>esse</strong></span> <span class='ocrx_word' id='word_1_336' title='bbox 528 2680 635 2721; x_wconf 89' lang='lat' dir='ltr'><strong>haec</strong></span> <span class='ocrx_word' id='word_1_337' title='bbox 667 2679 858 2720; x_wconf 87' lang='lat' dir='ltr'><strong>carmina</strong></span> <span class='ocrx_word' id='word_1_338' title='bbox 889 2681 1004 2731; x_wconf 86' lang='lat' dir='ltr'><strong>puto,</strong></span> <span class='ocrx_word' id='word_1_339' title='bbox 1036 2682 1084 2720; x_wconf 90' lang='lat' dir='ltr'><strong>ut</strong></span> <span class='ocrx_word' id='word_1_340' title='bbox 1115 2681 1267 2720; x_wconf 90' lang='lat' dir='ltr'><strong>auctor</strong></span> <span class='ocrx_word' id='word_1_341' title='bbox 1299 2690 1460 2729; x_wconf 86' lang='lat' dir='ltr'><strong>eorum,</strong></span> <span class='ocrx_word' id='word_1_342' title='bbox 1496 2678 1720 2729; x_wconf 87' lang='lat' dir='ltr'><strong>postquam</strong></span> 
     </span>
     <span class='ocr_line' id='line_1_43' title="bbox 224 2734 1719 2791; baseline -0.001 -14"><span class='ocrx_word' id='word_1_343' title='bbox 224 2735 349 2777; x_wconf 91' lang='lat' dir='ltr'><strong>initio</strong></span> <span class='ocrx_word' id='word_1_344' title='bbox 387 2737 602 2779; x_wconf 87' lang='lat' dir='ltr'><strong>nonnullis</strong></span> <span class='ocrx_word' id='word_1_345' title='bbox 639 2738 739 2779; x_wconf 90' lang='lat' dir='ltr'><strong>libri</strong></span> <span class='ocrx_word' id='word_1_346' title='bbox 776 2737 932 2791; x_wconf 88' lang='lat' dir='ltr'><strong>prioris</strong></span> <span class='ocrx_word' id='word_1_347' title='bbox 969 2736 1224 2791; x_wconf 86' lang='lat' dir='ltr'><strong>fragmentis</strong></span> <span class='ocrx_word' id='word_1_348' title='bbox 1268 2736 1474 2789; x_wconf 88' lang='lat' dir='ltr'><strong>impulsus</strong></span> <span class='ocrx_word' id='word_1_349' title='bbox 1513 2738 1628 2777; x_wconf 85' lang='lat' dir='ltr'><strong>esset</strong></span> <span class='ocrx_word' id='word_1_350' title='bbox 1663 2734 1719 2776; x_wconf 85' lang='lat' dir='ltr'><strong>ad</strong></span> 
     </span>
    </p>
   </div>
   <div class='ocr_carea' id='block_1_3' title="bbox 1791 0 1793 1370">
    <p class='ocr_par' dir='ltr' id='par_1_3' title="bbox 1791 0 1793 1370">
     <span class='ocr_line' id='line_1_44' title="bbox 1791 0 1793 1370; baseline 0 0"><span class='ocrx_word' id='word_1_351' title='bbox 1791 0 1793 1370; x_wconf 95' lang='lat' dir='ltr'><strong> </strong></span> 
     </span>
    </p>
   </div>
  </div>
 </body>
</html>
