1793 3110
799 193 1093 234 —44—

197 324 272 354 101
276 323 394 353 suum
429 309 834 363 componendmum,
868 309 1178 353 sententiaium
1209 311 1377 353 latione
1410 311 1692 364 exposuimus,

196 370 388 412 carmina
421 368 670 422 appendicis
701 368 842 411 videri
881 368 1078 412 confecta
1115 381 1209 412 esse
1247 374 1349 412 ante
1379 369 1693 412 Alexandrino-

195 442 287 472 rum
315 432 518 481 tempora.
563 427 773 482 Quoniam
798 440 900 470 velo
929 427 1097 470 auctori
1122 428 1372 482 appendicis
1399 418 1694 471 collectionem

197 487 475 540 r·eliquia1um
508 486 882 540 Tlie00n1dea1u1n
927 500 1017 529 eam
1061 487 1169 539 fele,
1213 500 1322 539 quae
1363 487 1485 530 nobis
1528 488 1695 530 tradita

195 550 273 598 est,
295 546 429 589 fuisse
449 549 550 588 ante
566 546 709 587 oculos
730 550 859 597 atque
880 559 974 588 eum
994 546 1132 598 ipsum
1151 546 1430 599 appendicem
1451 545 1693 589 collectioni

195 606 260 648 illi
293 604 565 659 subjmixisse
596 604 903 656 intelleximus,
942 605 1054 647 hanc
1091 617 1257 657 quoque
1290 605 1380 660 jam
1407 618 1457 648 eo
1489 608 1693 659 tempore,

195 677 277 716 quo
323 664 539 718 appendix
583 663 641 706 sit
685 663 898 715 confecta,
943 663 1165 706 exstitisse
1208 676 1384 707 necesse
1427 677 1522 707 esse
1558 667 1692 718 patet.

197 724 282 766 Sed
316 736 397 776 0110
429 727 622 776 tempore
655 722 920 776 Theognidis
953 722 1197 776 fragmenta
1226 723 1271 764 in
1304 735 1395 765 00111
1425 723 1534 775 fere,
1567 736 1691 776 quam

196 796 309 825 nunc
353 783 557 824 habemus
602 781 895 824 collectionem
940 785 1148 835 congesta
1192 781 1297 833 sint,
1347 781 1583 824 dificillima
1626 785 1694 824 est

196 841 405 894 quaestio,
439 854 563 893 quam
596 853 724 894 saepe
755 841 945 882 homines
978 840 1093 883 docti
1119 840 1423 884 diversissimis
1454 840 1693 884 rationibus

197 901 423 943 absolvere
457 900 602 941 conati
634 903 745 944 sunt.
803 899 994 942 Termini
1027 899 1137 942 enim
1169 899 1284 942 mille
1315 899 1408 942 fere
1443 899 1545 942 anni
1582 903 1693 942 sunt.

195 960 305 1002 Nam
338 972 431 1001 cum
452 959 667 1001 Welcker.
695 971 874 1010 eumque
906 958 1043 1001 secuti
1075 958 1149 1001 alii
1181 958 1375 1001 nonnulli
1406 959 1459 1001 de
1489 958 1692 1013 Byzanti-

195 1031 345 1061 norum
378 1017 640 1071 temporibus
674 1017 976 1072 cogitaverint,
1008 1017 1193 1068 fuerunt,
1227 1017 1299 1070 qui
1330 1017 1593 1071 temporibus
1620 1018 1692 1060 ad-

196 1079 365 1119 modum
398 1076 587 1129 antiquis
621 1077 831 1131 syllogam
864 1077 1023 1119 factam
1050 1089 1144 1119 esse
1169 1077 1498 1119 arbitrarentur.
1549 1080 1694 1128 Atque

199 1150 343 1179 eorum
371 1137 540 1188 quidem
567 1136 728 1188 primus
754 1135 838 1178 fuit
853 1136 1026 1189 Bergk„
1053 1136 1125 1187 qui
1150 1135 1195 1177 in
1221 1137 1328 1178 Mus.
1354 1135 1491 1178 Rhen.
1519 1136 1598 1179 vol.
1623 1135 1694 1177 III

196 1202 241 1238 et
274 1195 427 1238 deinde
459 1195 501 1236 in
534 1195 652 1237 PLG
684 1195 765 1237 vol.
798 1195 853 1243 ΙΙ,
887 1207 956 1248 pg.
991 1195 1076 1236 234
1102 1207 1191 1246 squ.
1219 1195 1299 1247 (ed.
1325 1193 1406 1250 IV)
1435 1194 1715 1237 sententiam-

197 1267 316 1297 suam
349 1254 600 1296 confirmare
632 1254 811 1304 studuit,
839 1267 946 1306 quae
978 1253 1106 1295 etiam
1134 1253 1301 1296 Hillero
1335 1257 1379 1295 et
1405 1253 1604 1296 Clemmio
1633 1253 1693 1305 (in

195 1327 308 1356 cens.
341 1314 405 1355 ed.
438 1313 696 1356 novissimae
722 1312 914 1363 Bergkii,
947 1311 1064 1367 ῧῑεεέ.
1109 1310 1285 1367 &abthin
1310 1312 1423 1354 1882
1444 1326 1514 1366 pg.
1539 1313 1561 1354 1
1585 1315 1692 1364 squ.)

196 1374 379 1426 probata
424 1378 500 1414 est.
575 1373 832 1423 Plerumque
882 1371 1075 1414 homines
1119 1371 1236 1414 docti
1284 1371 1348 1414 ita
1398 1370 1690 1423 quaestionem

197 1436 515 1482 tractaverant,
560 1436 608 1473 ut
647 1444 700 1473 ex
738 1444 789 1473 ea
826 1431 1010 1479 ratione,
1057 1443 1140 1482 qua
1173 1431 1440 1481 Athenaeus,
1478 1429 1691 1480 Julianus,

196 1490 408 1533 Stobaeus
439 1490 515 1532 alii
548 1491 599 1532 de
633 1490 881 1543 'l'heognide
910 1491 1084 1544 ersque
1117 1489 1293 1542 scriptis
1319 1490 1451 1532 verba
1481 1488 1688 1540 facerent,

194 1551 406 1604 syllogain
446 1549 766 1603 Theognideam
809 1549 932 1590 nobis
976 1548 1182 1590 traditam
1225 1552 1302 1590 aut
1343 1560 1428 1590 non
1467 1547 1689 1591 exstitisse

195 1615 269 1652 aut
303 1608 524 1651 exstitisse
557 1608 618 1650 eis
656 1608 936 1660 temporibus,
976 1607 1128 1659 quibus
1167 1607 1400 1660 scriptores
1435 1606 1501 1649 illi
1537 1606 1688 1649 florue-

194 1672 308 1719 runt,
335 1668 651 1709 concluderent.
704 1666 788 1709 Sed
807 1666 948 1708 Hiller
974 1666 1212 1708 rectissime
1238 1666 1351 1708 dixit
1376 1665 1427 1720 (c.
1447 1666 1472 1708 l.
1492 1678 1562 1719 pg.
1582 1664 1695 1720 468)

193 1740 245 1769 ea
278 1740 331 1769 ex
362 1741 426 1777 re,
460 1727 571 1778 quod
604 1726 789 1779 scriptor
822 1725 992 1778 quidam
1024 1726 1076 1767 de
1110 1725 1360 1779 Theognide
1391 1725 1566 1779 ejusque
1597 1737 1687 1767 car-

194 1785 378 1827 minibus
409 1786 472 1827 ita
500 1784 797 1839 Judicavisset,
830 1788 878 1826 ut
910 1784 949 1827 ei
981 1785 1193 1838 syllogam
1217 1784 1340 1826 nobis
1366 1783 1573 1826 traditam
1603 1795 1688 1825 non

193 1851 338 1887 notam
371 1844 504 1887 fuisse
536 1848 778 1897 appareret,
812 1843 1105 1885 collectionem
1139 1856 1231 1885 eam
1256 1843 1440 1885 nondum
1467 1842 1689 1884 exstitisse

194 1904 391 1946 concludi
424 1916 508 1945 non
541 1903 713 1953 debere,
758 1902 955 1954 quoniam
999 1901 1106 1944 nihil
1143 1901 1227 1943 nisi
1272 1901 1525 1954 scriptorem
1568 1901 1687 1943 illum

193 1976 287 2005 eam
331 1975 414 2004 non
458 1961 628 2004 novisse
673 1961 928 2003 efficeretur.
997 1961 1068 2002 Ita
1111 1965 1211 2013 apte
1255 1961 1376 2002 homo
1416 1959 1688 2002 doctissimus

194 2021 333 2064 addit:
372 2020 490 2072 „Qua
517 2018 624 2074 beisst
658 2018 757 2072 aiio:
797 2028 911 2063 menn
951 2018 1010 2062 bie
1042 2018 1266 2062 {Rebuction
1298 2018 1341 2062 in
1380 2018 1688 2073 irgenbmeldjen

193 2079 470 2133 Qibtiotbefen
509 2079 590 2123 nub
631 2079 672 2122 in
711 2078 1014 2133 irgenbtuelcber
1048 2077 1155 2133 gabr
1195 2087 1275 2121 non
1309 2077 1573 2131 OEgemptaten
1612 2077 1687 2130 egi:

193 2139 335 2191 1110110,
367 2137 405 2191 10
439 2136 532 2190 mut}
564 2136 615 2191 tie
648 2138 738 2193 auci)
771 2137 1002 2192 jebemnmm
1035 2136 1201 2192 gestiunt
1233 2135 1411 2192 ljabe11l¹¹
1460 2135 1579 2178 Nihil
1608 2135 1688 2190 igi-

193 2204 265 2241 tur
298 2200 470 2240 obstare
503 2197 694 2249 videtur,
733 2197 956 2249 quominus
995 2196 1285 2238 collectionem
1317 2195 1581 2248 temporibus
1613 2195 1686 2237 ad-

192 2258 357 2299 modum
405 2256 595 2309 antiquis
640 2269 733 2299 esse
778 2259 1025 2309 congestam
1070 2268 1164 2297 cum
1201 2254 1394 2308 Bergkio
1438 2258 1482 2296 et
1520 2253 1686 2296 Hillero

192 2316 462 2358 arbitremur.
525 2315 644 2369 Quae
688 2315 905 2357 sententia
949 2314 1142 2356 nonnihil
1185 2313 1461 2356 confirmatur
1491 2312 1687 2354 Platonis

192 2376 295 2425 loco,
330 2376 381 2416 (10
413 2375 495 2428 leg.
528 2374 626 2425 VH,
660 2375 746 2416 810
773 2375 828 2424 Ε,
862 2385 984 2425 0110111
1015 2373 1175 2426 Bergk.
1202 2372 1364 2423 attulit,
1397 2384 1477 2424 quo
1504 2372 1592 2426 J'am
1625 2370 1687 2413 eis

195 2434 459 2486 temporibus
492 2433 699 2487 ejusmodi
731 2432 1005 2475 collectiones
1037 2431 1259 2474 exstitisse
1291 2430 1496 2481 efficitur,
1535 2429 1688 2472 deinde

192 2506 295 2535 vero
328 2492 510 2534 maxime
542 2492 788 2545 appendice,
821 2504 906 2543 qua
930 2491 1071 2533 Hiller
1101 2490 1264 2543 primus
1295 2490 1351 2531 ad
1382 2490 1493 2532 110110
1519 2492 1686 2532 senten-

192 2552 296 2594 tiam
331 2552 684 2604 comprobandam
717 2563 819 2593 usus
851 2553 929 2592 est.
990 2550 1144 2601 Itaque
1175 2548 1372 2590 Platonis
1404 2547 1495 2590 fere
1526 2551 1685 2600 tempo-

193 2610 312 2652 ribus
345 2610 559 2663 appendix
592 2610 788 2652 confecta
819 2613 950 2661 atque
983 2607 1287 2662 Theognideae
1319 2605 1561 2649 collectioni
1592 2618 1686 2648 esse

193 2669 421 2722 subjuncta
453 2669 638 2711 videtur.
689 2668 818 2710 Haud
850 2667 914 2710 ita
945 2667 1090 2709 multis
1122 2679 1213 2709 eam
1242 2679 1344 2709 saue
1369 2665 1504 2708 fuisse
1528 2667 1685 2716 notam,

191 2733 420 2780 propterea
453 2728 563 2779 quod
596 2728 708 2780 apud
745 2726 1048 2780 florilegiorum
1087 2729 1285 2767 auctores
1323 2724 1515 2776 aliosque
1552 2722 1684 2776 scrip-
