1793 3110
783 158 1077 199 ,24-

190 283 243 325 ad
273 282 407 325 verba
438 278 610 334 αἰσχρὸν
643 276 804 324 ὸαειδος
837 276 946 328 ἔχεις
978 275 1030 318 of.
1061 289 1101 318 v.
1134 275 1237 317 546:

366 338 476 394 ὄφρα
508 337 569 394 μή
601 335 848 392 ἀμπλακίης
879 332 1054 389 αἰσχρὸν
1086 332 1247 381 ὄνειδος
1280 333 1374 386 ἔχω.

189 399 241 442 cf.
274 399 370 450 507,
403 399 445 440 8:

927 454 1094 494 δέδοικα
1127 452 1171 494 δὲ
1202 450 1265 508 μή
1296 468 1340 494 τι
1369 450 1559 505 μάταιον

363 514 467 569 ἔρξω
500 515 748 583 θωρηχθεὶς
779 513 852 553 καὶ
882 508 975 564 μεγ)
1009 509 1172 557 ὄνειδος
1204 510 1297 562 ἔχω.

191 575 245 617 ad
276 573 407 617 xerba
437 576 512 628 τῆς
543 575 615 628 σῆς
647 569 888 639 φιλότητος
907 568 1113 642 ἁμαρτών
1145 569 1198 612 cf.
1228 583 1269 612 V.
1303 569 1434 611 1099:

361 631 516 686 βρόχον
547 597 803 686 ἀπορρήξας·
835 626 888 671 σύ
919 626 960 671 δ’
994 627 1099 685 ἐμῆς
1130 626 1360 685 φιλότητος
1391 625 1611 684 ἁμαρτών.

188 690 239 733 cf.
272 692 326 733 ad
357 704 395 733 V
431 690 556 731 1301.

303 749 517 803 Quattuor
548 760 717 798 velsuS,
750 746 823 799 qui
854 751 1092 798 sequuntur
1128 745 1173 788 in
1205 745 1350 788 codice
1382 745 1676 801 (vv.1381——

191 808 276 863 85),
321 807 446 862 gra-Vi
489 807 688 849 labmant
729 806 853 858 viti03
897 818 994 848 nam
1032 818 1071 847 v
1108 805 1239 856 1382,
1284 817 1407 857 quem
1445 805 1579 847 codex
1615 803 1680 847 ita

187 867 376 909 exhibet:
403 865 580 917 ,,ἓλθεῖν
601 868 901 919 Κυπρογενοῦς
927 866 1063 930 δῶρον
1090 862 1382 918 ἰοστεφάνου“
1405 863 1567 907 nullam
1594 875 1678 906 om-

188 926 286 967 nino
319 926 496 978 praebet
527 923 803 976 sententiam,
835 923 981 975 itaque
1007 923 1095 976 jam
1122 923 1309 965 Bekker.
1341 935 1416 966 suo
1443 923 1542 978 jure
1566 922 1679 965 lacu-

190 997 285 1026 nam
318 985 397 1026 hoc
428 983 518 1025 loco
550 982 705 1025 statuit
738 986 782 1025 et
812 995 881 1025 VV.
911 982 1114 1024 1381-5
1146 982 1190 1024 111
1223 982 1305 1024 duo
1335 981 1584 1035 fragmenta
1614 993 1678 1024 se-

185 1043 338 1096 Junxjt.
402 1042 545 1084 Verba
583 1040 892 1093 χαλεπώτατον
931 1039 1084 1093 ἄχθος,
1124 1054 1231 1093 quae
1263 1041 1445 1094 legimus
1475 1054 1515 1084 V.
1551 1040 1677 1092 1384,

186 1102 460 1144 inveniuntur
492 1113 657 1153 quoque
688 1113 727 1143 V.
762 1101 864 1142 295:

364 1160 535 1214 Κωτίλῳ
568 1157 789 1216 ἀνθρώπῳ
823 1163 950 1211 σιγᾶν
982 1157 1293 1210 χαλεπώτατον
1325 1157 1471 1210 ἄχθος.

302 1219 370 1260 Ad
395 1219 527 1260 verba
559 1221 616 1274 δῷ
647 1217 772 1260 λύσιν
806 1218 851 1260 ἐκ
884 1218 1087 1270 χαλεπῶν
1119 1217 1170 1259 cf.
1202 1231 1242 1260 V.
1277 1217 1377 1259 180:

361 1278 562 1333 δίζησθαι
594 1278 784 1333 χαλεπῆς
817 1276 957 1331 Κύρνε
990 1276 1116 1318 λύσιν
1148 1277 1352 1333 χαλεπῆς.

186 1349 223 1386 V,
255 1336 358 1378 556:

362 1394 468 1449 πρός
500 1410 547 1436 τε
580 1397 699 1436 θεῶν
731 1394 869 1436 αἰτεῖν
903 1394 1078 1437 ἔκλυσιν
1111 1392 1361 1437 ἀθανάτων.

185 1467 224 1496 V.
256 1453 357 1496 590:

362 1516 594 1568 συντυχίην
628 1511 811 1568 ἀγαθήν,
846 1512 1022 1554 ἔκλυσιν
1054 1510 1313 1569 ἀφροσύνης.

187 1584 224 1613 V.
259 1571 389 1613 1010:

361 1631 420 1676 δὶς
450 1630 631 1671 πέλεται
663 1627 770 1685 πρὸς
802 1633 921 1672 θεῶν
954 1627 1052 1672 οὐδὲ
1083 1629 1205 1678 λύσις
1230 1629 1442 1672 θανάτου.

301 1689 367 1730 De
398 1688 540 1731 verbis
572 1692 730 1744 χρυσῆς
763 1692 1065 1743 Κυπρογενοῦς
1097 1689 1148 1732 ef.
1180 1690 1236 1732 ad
1267 1702 1306 1733 V.
1340 1689 1466 1731 1293.

301 1747 495 1799 Demque
527 1747 581 1789 ad
612 1747 808 1790 ultimum
846 1748 1094 1801 appendjcis
1130 1761 1302 1791 carmen
1328 1748 1414 1804 (VV.
1444 1747 1677 1803 1386—9)‚

187 1805 230 1847 in
263 1818 343 1857 quo
370 1806 515 1848 Venus
545 1805 783 1857 invocatur,
817 1819 1092 1850 commemoro
1119 1808 1241 1850 haec:
1281 1808 1336 1850 ad
1366 1807 1500 1850 verba
1531 1811 1605 1850 σοί
1633 1823 1676 1850 τι

185 1863 395 1918 περισσόν
427 1864 478 1906 Cf.
510 1878 548 1907 V.
583 1865 684 1906 769:

361 1922 457 1978 Χρή
488 1927 683 1965 Μουσῶν
714 1920 973 1978 θεράποντα
1007 1926 1077 1966 καὶ
1110 1923 1300 1977 ἄγγελον,

1194 1983 1238 2025 εἴ
1266 2000 1309 2025 τι
1340 1982 1556 2038 περισσόν

361 2039 493 2097 εἰδείη
526 2044 606 2082 etc.

185 2097 240 2139 ad.
273 2097 387 2149 ἔχειι
394 2101 474 2155 (V.
509 2099 641 2153 1387)
672 2113 711 2142 V.
745 2100 847 2141 356:

361 2159 463 2200 εὖτέ
491 2169 542 2200 σε
574 2161 646 2200 καὶ
677 2157 843 2200 τούτων
875 2158 992 2214 μοῖρ
1024 2158 1262 2214 επέβαλλεν
1295 2159 1424 2212 εᾝχειν
1468 2212 1472 2213 ⁷

188 2215 242 2256 ad
274 2211 383 2258 ὥστε
418 2219 474 2268 (V.
509 2217 639 2271 1389)
671 2230 709 2259 V.
743 2218 846 2259 568:

1082 2276 1228 2344 δηρόν
1259 2275 1338 2332 γὰρ
1371 2277 1556 2332 ἔνερθεν

362 2337 433 2389 γῆς
465 2332 613 2382 ὀλέσας
645 2334 793 2391 ψυχὴν
823 2340 1026 2389 κείσομαι
1059 2333 1168 2378 ὥστε
1201 2337 1335 2384 λίθος.

303 2392 370 2433 Ad
402 2394 533 2435 velba
565 2393 841 2451 Κυπρογενής
874 2398 1093 2450 Κυθέρεια
1126 2395 1178 2438 of.
1199 2396 1366 2460 'Hymm
1398 2395 1453 2446 X,
1488 2395 1530 2437 1:

363 2455 617 2508 Κυπρογενῆ
650 2456 896 2508 Κυθέρειαν
929 2451 1146 2508 ἀείσομαι,
1181 2451 1255 2510 ἥτε
1289 2459 1509 2510 βροτοῖσιν

362 2511 533 2561 μείλιχα
567 2513 679 2566 δῶρα
713 2513 896 2554 δίδωσιν.

187 2565 237 2606 cf
270 2567 451 2610 Renner.
485 2581 518 2611 c.
550 2569 576 2610 l.
608 2583 678 2623 pg.
710 2570 778 2611 44.
1551 2596 1556 2604 .

303 2625 447 2668 Verba
484 2626 668 2675 πυκινὰς
701 2634 857 2683 φρένςα
900 2630 1014 2682 apud
1057 2630 1288 2672 Homelum
1333 2630 1606 2720 οοωρΙιιΠθί
1630 2629 1676 2672 111

186 2683 334 2724 eadem
366 2697 514 2727 velsus
546 2687 645 2728 sede
676 2687 974 2741 legunt111,‹:f.
1006 2689 1191 2732 Renner.
1223 2701 1257 2732 e.
1289 2689 1315 2731 l.
1347 2702 1417 2743 pg.
1449 2690 1520 2732 45.
