1793 3110
778 171 1073 212 -38—

179 290 252 333 sed
293 290 345 332 ab
384 302 466 332 uno
501 294 629 342 poeta
662 288 900 331 confectam
939 301 1042 331 6336.
1076 288 1127 332 cf.
1155 289 1321 341 Hiller.,
1354 302 1387 332 c.
1413 290 1438 333 1.
1471 303 1540 344 pg.
1572 290 1673 333 470.

179 350 287 392 Nam
315 362 408 391 cum
434 360 571 399 neque
592 347 797 390 sermonis
817 360 954 399 neque
973 360 1173 391 versuum
1199 361 1335 402 neque
1361 347 1675 391 sententiarum

179 407 359 458 ratione,
387 406 609 458 quominus
635 408 715 449 hoc
740 406 1011 459 accipiamus,
1036 407 1348 460 prohibeamur,
1381 406 1545 463 cum-in
1568 407 1674 450 mul-

178 467 236 509 tis
276 465 523 519 appendicis
564 465 822 508 carminibus
855 478 1005 508 versus
1043 466 1261 518 legantur,
1306 465 1458 518 quibus
1495 465 1540 508 in
1578 477 1675 508 con-

178 525 328 568 dendis
367 525 556 577 exemplo
602 524 764 567 fuerint
807 525 956 577 procul
1000 524 1126 566 dubio
1164 537 1317 568 versus
1361 525 1531 577 quidam
1574 523 1676 567 libri

182 583 554 637 Theognidearum
592 583 886 635 reliquiarum,
926 588 970 625 et
1007 583 1158 635 quibus
1198 583 1390 626 omnibus
1427 583 1676 626 constitutis

179 643 332 684 deinde
365 642 467 684 addi
499 641 636 695 possit
667 642 876 685 maximus
908 643 1096 685 locorum
1122 642 1322 685 similium
1347 655 1549 685 numerus
1574 641 1676 684 libri

178 702 292 743 illius
324 700 493 754 prioris,
528 701 598 752 qui
631 702 685 743 ad
718 701 858 744 omnia
889 701 979 744 fere
1011 701 1260 754 appendicis
1292 700 1484 744 carmina
1509 701 1677 754 possint

181 760 380 811 conferri,
413 773 505 802 cum
539 760 737 812 denique,
769 760 813 802 id
847 761 958 812 quod
989 761 1174 802 nondum
1206 760 1347 803 adhuc
1379 772 1675 802 commemora-

178 820 327 870 vimus,
361 823 506 861 certae
540 820 747 871 quaedam
781 819 1039 870 sententiae,
1072 819 1430 872 comparationes,
1467 818 1676 861 formulae

179 878 360 928 dicendi,
386 879 595 921 vocabula
621 878 733 920 aliae
759 891 828 920 res
855 878 1109 931 compluries
1134 878 1179 920 in
1205 878 1454 931 appendicis
1473 877 1677 921 *versibus

178 937 467 988 inveniantur,
499 937 563 979 ita
594 941 643 979 ut
675 937 944 980 adamavisse
975 950 1027 979 ea
1053 937 1358 989 quodammodo
1384 940 1552 990 poetam
1580 948 1676 990 cog-

180 1000 381 1038 noscatur
413 996 1326 1050 (61.1111.1244,1261,1302·,1249-52
1354 999 1398 1039 et
1425 996 1598 1037 1267-
1603 995 1678 1048 70,

184 1056 297 1097 1270
329 1059 373 1097 61
408 1055 540 1101 1340·
588 1055 701 1097 1279
740 1058 785 1097 et
819 1030 1110 1107 1328,1299
1150 1059 1194 1098 et
1227 1055 1359 1107 1355,
1406 1054 1537 1106 1303,
1568 1055 1597 1096 4
1633 1029 1679 1096 et

188 1115 320 1165 1331,
361 1115 404 1165 2,
453 1114 564 1155 1264
605 1119 648 1156 et
688 1113 1510 1166 134Ο;1335,1337,1341,1369,
1546 1113 1678 1165 1375;

187 1174 297 1214 1361
336 1179 379 1215 et
415 1174 546 1215 1379:
587 1173 702 1215 1384
741 1178 785 1216 et
818 1173 968 1228 1387),
1006 1173 1098 1215 fieri
1130 1161 1213 1216 non
1246 1177 1408 1226 potest,
1447 1171 1549 1224 quin
1581 1184 1678 1214 con·
1717 1208 1721 1212 .

184 1232 414 1275 elusionem
447 1232 655 1274 faciamus
687 1233 761 1274 uni
793 1233 959 1275 auctori
991 1236 1125 1274 totam
1139 1232 1434 1289 ⁹appendicem
1467 1243 1560 1274 esse
1585 1230 1676 1274 vin-

185 1292 421 1334 dicandam.
484 1292 609 1333 Addo
642 1291 770 1333 etiam
803 1292 1091 1344 appellatione
1125 1293 1155 1332 ώ
1188 1298 1281 1342 παῖ,
1314 1304 1439 1343 quam
1469 1290 1515 1332 in
1547 1289 1678 1343 pluri-

185 1350 263 1392 mis
297 1350 545 1403 appendicis
578 1350 838 1393 carminibus
870 1351 1062 1404 legimus,
1096 1350 1408 1392 conclusionem
1439 1349 1550 1391 hanc
1582 1360 1678 1390 con-

182 1409 342 1451 firmari
375 1422 510 1462 posse.
572 1410 809 1452 Praeterea
841 1423 942 1452 vero
975 1409 1092 1452 aliud
1124 1414 1190 1451 est
1221 1407 1534 1463 gravissimum,
1567 1407 1679 1460 quod

185 1469 257 1519 eis,
291 1481 398 1520 quae
431 1470 552 1510 modo
586 1468 912 1522 disputavimus,
946 1469 1142 1511 efficitur.
1192 1468 1301 1510 Nam
1333 1467 1502 1510 etiamsi
1533 1470 1679 1509 aucto-

185 1540 271 1570 rem
318 1527 434 1568 ilhun
481 1528 730 1581 appendicis
776 1528 1008 1570 carminum
1053 1540 1120 1578 ea,
1164 1539 1272 1578 quae
1309 1527 1354 1569 in
1391 1539 1510 1569 usum
1557 1538 1678 1568 suum

185 1586 416 1636 convertit,
449 1586 694 1640 fragmenta
724 1586 825 1629 libri
856 1587 1012 1639 prioris
1044 1586 1215 1628 novisse
1248 1589 1577 1628 consentaneum
1609 1583 1679 1634 sit,

184 1650 327 1687 tamen
361 1658 411 1687 ea
443 1658 495 1687 ex
528 1659 586 1695 re,
619 1647 730 1697 quod
761 1646 957 1688 versibus
990 1646 1171 1687 011111111111
1204 1644 1320 1687 1111113
1357 1643 1456 1686 libri
1493 1643 1680 1697 partium

184 1717 287 1746 usus
320 1708 386 1745 est
419 1705 584 1750 (ordine
618 1705 729 1746 enim
760 1717 912 1747 versus
944 1710 1044 1747 sunt
1075 1704 1134 1746 hi:
1170 1704 1238 1754 25,
1265 1704 1333 1754 31,
1361 1704 1428 1754 36,
1458 1703 1553 1753 101,
1583 1702 1680 1753 124,

192 1764 292 1807 191,
327 1763 431 1814 209,
465 1764 567 1814 210,
602 1764 793 1813 213-8,
827 1764 929 1814 253,
963 1764 1066 1813 295,
1099 1764 1197 1814 301,
1231 1763 1418 1813 325-7,
1451 1762 1549 1812 337,
1582 1760 1680 1813 343,

189 1823 286 1872 457,
319 1823 417 1872 466,
450 1823 548 1873 504,
582 1823 679 1873 508,
713 1823 811 1873 526,
845 1823 942 1869 546,
976 1824 1074 1873 597,
1107 1823 1205 1873 599,
1239 1822 1336 1872 600,
1365 1820 1551 1871 765-8,
1583 1820 1681 1871 854,

190 1881 413 1931 949-50,
459 1882 560 1931 958,
606 1882 710 1932 961,
758 1882 978 1932 1023-4,
1027 1882 1156 1932 1063,
1204 1881 1423 1930 1071-4,
1466 1879 1681 1929 1095-6,

192 1940 316 1990 1099,
346 1940 559 1991 noi—2,
582 1941 795 1991 1107-8,
819 1941 943 1990 1117,
966 1940 1181 1990 1151-2,
1211 1937 1460 1993 1157-60)
1485 1937 1683 1991 intellegi

190 2005 334 2051 potest
377 2002 512 2041 totam
559 1998 851 2041 collectionem
896 1999 1217 2053 Theognideam
1265 1998 1303 2040 ei
1345 1997 1481 2039 fuisse
1523 2000 1682 2046 notam,

190 2058 314 2099 11111110
347 2070 438 2099 eam
472 2057 511 2099 ei
542 2062 644 2100 ante
675 2059 819 2100 oculos
850 2058 983 2100 fuisse
1009 2058 1102 2100 veri
1126 2057 1381 2099 simillimum
1410 2068 1516 2098 esse.
1579 2055 1681 2098 Cum

192 2129 293 2158 vero
333 2117 388 2158 ad
426 2117 506 2158 hoc
544 2117 740 2167 accedat,
785 2118 892 2169 quod
934 2116 1148 2170 appendix
1187 2116 1415 2169 subjuncta
1453 2114 1511 2157 sit
1547 2113 1682 2167 priori

192 2175 444 2226 collectioni,
477 2177 656 2218 eundem
690 2189 800 2226 esse,
840 2176 911 2228 qui
949 2175 1139 2218 carmina
1170 2174 1417 2228 appendicis
1450 2173 1684 2216 confecerit

193 2238 236 2276 et
269 2234 340 2285 qui
372 2237 597 2286 utramque
630 2235 923 2277 collectionem
955 2234 1241 2289 conjunxerit,
1273 2245 1351 2287 pro
1384 2236 1501 2275 certo
1532 2232 1684 2274 haberi

191 2296 345 2345 potest.
420 2293 629 2336 Fortasse
673 2294 801 2336 etiam
847 2298 998 2336 auctor
1041 2293 1114 2335 ille
1156 2291 1404 2346 appendicis
1449 2290 1684 2334 carminum

193 2352 540 2404 collectionisque
560 2352 694 2405 ipsius
727 2352 1101 2406 conglutinandae,
1134 2351 1205 2404 qui
1235 2351 1328 2404 ipse
1359 2363 1450 2393 eam
1471 2349 1685 2404 Theogni-

194 2410 285 2452 deis
318 2411 555 2464 subjunxit,
589 2411 880 2454 collectionem
913 2411 1231 2464 Theognideam
1264 2410 1309 2451 in
1341 2422 1434 2452 eam
1465 2408 1557 2451 fere
1588 2421 1683 2450 con-

195 2469 401 2512 dicionem
422 2470 603 2523 redegit,
635 2470 679 2512 in
699 2483 783 2522 qua
814 2470 935 2512 nobis
966 2470 1130 2512 tradita
1163 2473 1240 2520 est,
1274 2468 1545 2511 conscribens
1577 2467 1684 2509 (luas

194 2528 291 2569 illas
325 2541 432 2580 quae
465 2530 723 2572 statuendae
755 2534 865 2581 sunt,
899 2529 1088 2583 syllogas
1120 2528 1420 2581 Theognideas
1445 2530 1574 2579 atque
1599 2525 1686 2568 alia
1719 2569 1722 2572 Δ

194 2586 373 2629 aliorum
399 2591 621 2640 poetarum
646 2588 890 2642 fragmenta
916 2589 1088 2638 addens,
1121 2599 1245 2638 quam
1271 2585 1530 2629 sententiam
1555 2584 1685 2627 etiam

196 2646 336 2687 causis
368 2646 610 2689 confirmari
640 2659 765 2699 posse
796 2660 1046 2700 persuasum
1084 2647 1231 2688 habeo.
1294 2645 1378 2687 Sed
1416 2657 1510 2686 cum
1546 2643 1685 2685 minus

196 2703 411 2756 pertineat
449 2706 503 2747 ad
543 2719 633 2748 eam
678 2706 915 2757 materiem,
961 2718 1085 2757 quam
1128 2704 1232 2746 mihi
1275 2703 1546 2746 tractandam
1590 2713 1685 2754 pro-
